3278 5662
224 2747 352 2814 Meetings

834 782 1016 835 nrrsrona.
1240 770 1323 855 [au.
1342 766 1437 836 1172

786 1065 1030 1135 DOOLXXIV.

385 1223 571 1288 suasurus
594 1238 636 1285 rr
659 1220 896 1285 Tsaonvusus
911 1234 1129 1284 cssnrsaars
1151 1235 1199 1284 sn
1214 1220 1444 1287 Wmnnauun

633 1320 868 1387 Surornnsnu
890 1337 1203 1387 sacurrmscoruu.

813 1471 861 1535 (G.
874 1471 931 1521 Fol.
942 1474 1014 1531 ast.)

433 1602 625 1669 Venerabili
654 1601 760 1679 fratri,
792 1606 827 1667 et
856 1601 893 1665 in
924 1600 1051 1668 Christi
1090 1602 1271 1668 visceribus
1301 1603 1449 1690 amplec-

388 1706 490 1771 tendo
521 1725 650 1789 semper
679 1703 795 1783 amieo,
819 1702 1016 1788 W[illelmo]
1040 1702 1105 1768 Dei
1127 1704 1238 1790 gratia
1260 1703 1449 1770 Senonensi

391 1811 552 1895 episcopo,
575 1804 764 1891 apostolieae
798 1805 886 1870 sedis
918 1806 1035 1892 legato,
1059 1805 1220 1871 Albertus
1251 1806 1449 1893 dignatione
1544 1858 1548 1863 -

392 1911 507 1973 divina
545 1905 637 1971 tituli
669 1905 776 1971 sancti
809 1905 984 1971 Laurentii
1020 1907 1057 1970 in
1089 1906 1224 1982 Lucina,
1248 1910 1283 1971 et
1315 1904 1449 1972 Theod-

392 2010 502 2073 winus
547 2006 639 2072 tituli
689 2006 794 2072 sancti
841 2006 971 2084 Vitalis,
1018 2008 1205 2093 presbyteri
1253 2006 1450 2083 cardinales,

392 2110 579 2197 apostolicus
614 2109 700 2174 sedis
729 2108 841 2195 legati,
870 2109 960 2194 quod
992 2109 1144 2194 promisit
1175 2109 1266 2174 Deus
1305 2108 1449 2196 diligen·

392 2216 482 2280 tibus
504 2237 546 2280 se.

437 2317 599 2398 Quoniam
623 2319 811 2399 exspectare
828 2334 886 2378 vos
909 2313 1070 2378 eredimus
1093 2318 1133 2378 ut
1155 2314 1196 2379 de
1218 2318 1310 2380 statu
1324 2318 1450 2393 nostro,

392 2425 427 2485 et
449 2418 591 2504 injuncti
623 2415 720 2480 nobis
751 2415 958 2500 promotione
992 2414 1118 2501 negotii
1141 2415 1268 2500 aliquid
1292 2416 1451 2493 audiatis,

392 2520 513 2587 idcirco
536 2517 680 2604 qualiter
708 2516 890 2593 nobiscum,
917 2522 953 2581 et
985 2538 1043 2602 por
1077 2517 1298 2582 ministerium
1322 2519 1451 2584 medio·

392 2623 520 2689 critatis
556 2624 688 2695 nostrae,
719 2618 811 2682 Deus
849 2618 954 2704 egerit
990 2617 1043 2681 his
1081 2618 1206 2694 diebus,
1244 2618 1451 2685 fraternitati

393 2730 512 2790 vestrae
536 2721 691 2809 praesenti
721 2720 844 2805 soripto
876 2719 1034 2784 duximus
1067 2720 1291 2787 indicandum.
1336 2720 1452 2787 Nove·

223 2814 285 2864 vitu
297 2813 361 2881 5¹¹8
393 2827 468 2892 ritis
491 2846 578 2911 ergo,
594 2822 680 2909 quod
697 2826 871 2908 postquam
888 2821 1027 2886 illustris
1042 2821 1228 2908 Anglorum
1243 2843 1303 2888 rex
1317 2823 1456 2889 venisse

224 2879 325 2946 chry.

394 2951 453 2993 nos
476 2927 512 2991 in
534 2946 671 3011 rognum
696 2944 794 2987 suum
808 2922 845 2985 in
861 2921 1003 2986 veritate
1025 2923 1188 3008 cognovit,
1211 2923 1317 2989 totius
1339 2924 1452 2991 obsta·

393 3029 471 3097 culo'
491 3026 662 3094 tarditatis
684 3029 805 3100 amot0,
821 3022 862 3086 ds
885 3022 1050 3088 Hibernia
1072 3025 1108 3087 in
1131 3023 1297 3110 Angliam,
1320 3025 1452 3091 incum-

394 3132 549 3198 bentibus
579 3128 644 3194 sibi
675 3125 816 3212 negotiis
839 3125 1077 3210 pretermissis,
1102 3126 1142 3190 de
1165 3125 1290 3213 Anglia
1312 3148 1391 3192 vero
1415 3127 1453 3192 in

395 3232 610 3300 Normanniae
638 3234 748 3315 partes
779 3227 924 3305 accessit,
957 3233 1057 3313 atque
1089 3227 1310 3294 incontinenti
1339 3228 1454 3316 plures

394 3337 437 3402 ad
460 3357 520 3400 nos
542 3331 678 3398 nuntios
712 3333 747 3395 et
778 3328 987 3394 honorabiles
1022 3329 1213 3407 destinavit,
1236 3330 1409 3416 inquirens
1432 3356 1455 3397 a

395 3437 491 3502 nobis
517 3435 554 3499 in
583 3454 648 3518 quo
678 3431 750 3496 loco
781 3430 892 3514 potius
924 3431 1097 3496 convenire
1131 3453 1206 3496 eum
1240 3453 1279 3496 eo
1301 3437 1336 3496 et
1358 3432 1454 3518 loqui

396 3538 562 3602 vellemus.
601 3532 732 3598 Placuit
747 3531 883 3596 tandem
898 3531 942 3595 ad
966 3531 1197 3598 saviniacense
1213 3534 1454 3599 monasterium

395 3662 456 3727 pro
493 3634 656 3722 colloquio
693 3633 846 3698 habendo
889 3653 1091 3710 concurrere,
1128 3634 1187 3699 ubi
1224 3635 1454 3721 religiosorum

396 3744 542 3807 virorum
574 3757 740 3823 possemus
773 3733 976 3799 orationibus
1011 3733 1170 3820 adjuvari.
1227 3735 1456 3804 Convenimus

396 3845 484 3920 illue,
507 3843 733 3908 convenerunt
754 3840 790 3901 et
811 3835 928 3901 multae
951 3857 1100 3920 personae
1129 3837 1303 3924 utriusque
1325 3839 1456 3906 ordinis

397 3949 438 4012 de
460 3965 561 4032 regno
597 3942 708 4029 ipsius,
731 3946 766 4005 et
800 3938 1024 4016 tractavimus,
1049 3937 1224 4026 diligentia
1253 3961 1319 4026 qua
1341 3944 1456 4028 potui-

397 4072 479 4128 mus,
518 4045 608 4134 quod
644 4045 687 4110 ad
726 4042 868 4108 salutem
915 4042 1020 4126 ipsius
1058 4047 1094 4106 et
1132 4042 1317 4128 injunctam
1355 4045 1456 4112 nobis

396 4149 620 4219 obedientiam
643 4144 843 4233 pertinebat.
891 4140 976 4206 Cum
999 4147 1112 4208 autem
1136 4164 1204 4209 non
1226 4165 1394 4230 possemus
1417 4147 1456 4212 in

397 4256 551 4323 omnibus
588 4249 774 4324 convenire,
811 4245 947 4310 recessit
984 4244 1055 4330 ipse
1091 4265 1114 4309 a
1149 4245 1246 4311 nobis
1283 4247 1379 4313 velut
1416 4250 1456 4317 in

397 4360 553 4447 Angliam
585 4353 799 4442 profecturus,
833 4354 867 4413 et
904 4369 965 4413 nos
1004 4350 1270 4435 exspectavimus
1300 4356 1455 4438 sequenti

397 4464 451 4527 die
484 4461 528 4527 ad
551 4458 712 4523 Abrincas
744 4451 915 4519 civitatem
951 4451 1042 4516 ituri.
1096 4450 1232 4519 Postero
1263 4459 1373 4519 autem
1397 4456 1454 4522 dio

397 4566 561 4627 venerunt
583 4558 626 4622 ad
647 4577 708 4621 nos
735 4553 950 4619 lexoviensis
982 4553 1153 4639 episcopus
1184 4558 1219 4619 et
1250 4554 1316 4621 duo
1344 4556 1456 4622 archi.

397 4661 537 4738 diaconi,
570 4662 613 4737 et,
636 4677 785 4725 concesso
820 4654 909 4741 quod
946 4655 1150 4740 petebamus,
1181 4655 1225 4720 ad
1259 4656 1454 4741 praedictam
