3278 5662
307 759 372 822 204
754 780 934 833 nrrsronn.
1160 770 1243 854 [an.
1261 771 1361 839 1170.

304 979 371 1023 non
385 967 504 1045 posset,
521 968 559 1026 tu
576 963 611 1026 in
627 965 820 1050 praescripto
836 966 991 1053 negotio,l
1008 969 1098 1033 omni
1113 970 1233 1036 timore
1248 979 1283 1037 et
1298 973 1359 1037 du·

304 1059 465 1127 bitatione
488 1071 622 1141 semota,
644 1067 825 1132 secundum
847 1074 995 1134 tenorem
1018 1070 1206 1137 litterarum
1230 1081 1355 1140 nostra-

301 1184 375 1225 rum
399 1165 630 1232 incunctanter
652 1169 819 1253 procedas,
844 1175 877 1235 et
900 1176 934 1236 te
958 1171 994 1235 in
1019 1171 1079 1238 hoc
1102 1174 1152 1238 ita
1175 1174 1353 1241 sollicitum

302 1270 336 1327 et
359 1264 552 1352 diligentem
587 1268 752 1349 exhibeas,
784 1273 873 1356 quod
906 1294 927 1337 a
959 1273 1029 1339 Deo
1063 1275 1202 1361 dignum
1236 1278 1355 1343 exinde

301 1366 472 1447 preamium
488 1370 643 1434 merearis
657 1373 811 1458 recipere,
827 1378 862 1438 ct
877 1395 987 1440 coram
1010 1373 1201 1442 hominibus
1224 1376 1354 1444 laudem

301 1473 332 1530 et
356 1469 494 1553 gloriam
526 1493 593 1537 non
616 1474 779 1539 modicam
813 1481 989 1561 propterea
1021 1477 1132 1544 valeas
1166 1486 1357 1564 reportare;

299 1590 358 1635 nos
381 1593 509 1657 quoque
533 1573 790 1641 sollicitudinem
812 1584 906 1644 tuem
928 1583 1103 1644 teneamur
1123 1581 1354 1668 multipliciter

298 1673 532 1751 commendare,
549 1680 584 1740 et
599 1676 809 1743 devotionem
824 1700 863 1744 ac
878 1681 1101 1746 constantiam
1116 1680 1234 1761 tuam,8
1249 1706 1349 1769 quem

299 1776 333 1838 in
366 1775 439 1840 aliis
472 1784 642 1863 expertam
678 1779 845 1857 habemus,
878 1801 1051 1867 possumus
1086 1783 1122 1848 in
1154 1785 1216 1852 hac
1250 1793 1353 1872 parte,

297 1877 384 1942 sicut
407 1877 652 1956 desideramus,³
675 1880 806 1966 plenius
828 1882 1049 1967 comprobare.

631 2125 1004 2135 ————.

732 2297 918 2366 DOXXVI.

430 2449 651 2514 Aurusulian
676 2467 762 2514 rara
786 2451 951 2518 Huuruco
974 2469 1055 2518 nnur
1078 2455 1233 2521 monn

453 2604 501 2665 (A.
514 2608 562 2663 60,
580 2602 612 2655 Ο.
625 2602 652 2653 ii.
666 2608 713 2662 343
731 2604 757 2652 Z.
770 2619 794 2652 v.
811 2609 839 2665 l;
856 2603 922 2669 an.
935 2621 959 2654 v.
975 2611 1003 2664 13
1019 2605 1110 2656 Thon.
1121 2607 1195 2667 807.)

123 2746 185 2797 tan.
201 2751 272 2799 11⁷0.
339 2733 461 2797 Dilecti
485 2731 546 2795 filii
570 2731 684 2806 nostri,
707 2731 853 2797 «Ioannes
886 2731 1168 2798 Saresberiensis⁴
1197 2734 1349 2812 decanus,

127 2813 235 2879 ³⁰⁰¹f⁸
294 2835 446 2920 AEgidius
476 2832 760 2919 Rothomagonsis,
784 2833 843 2898 et⁵
865 2833 1012 2899 Josnnes
1040 2833 1218 2922 sagiensis,
1240 2836 1347 2903 archi·

123 2889 260 3010 llllllll
293 2936 431 3013 diaconi,
454 2935 565 3000 nuntii
591 2935 651 3011 tui,
675 2935 718 3000 ad
742 2941 890 3000 nostram
914 2937 1124 3021 praesentiam
1157 2938 1346 3007 accedentes

122 3022 204 3060 ‘'⁰¹¹¹‘'
292 3040 386 3104 nobis
410 3039 508 3124 regiae
532 3036 739 3103 celsitudinis
762 3035 892 3102 litteras
916 3037 1117 3115 detulerunt,
1141 3061 1183 3105 ex
1206 3061 1346 3126 quarum

291 3148 404 3206 tenore
427 3138 641 3224 cognovimus
665 3137 763 3222 quod,
787 3137 835 3201 eis
857 3159 957 3224 super
987 3137 1041 3202 his
1075 3160 1150 3224 quoe
1184 3140 1280 3206 nobis
1303 3164 1345 3207 ex

290 3248 383 3327 parte
407 3246 466 3305 tua
496 3240 653 3317 dicerent,
676 3245 837 3323 tanquam
868 3238 1028 3325 tibiipsi,
1051 3240 1180 3306 credere
1211 3242 1342 3309 debere-

289 3365 371 3407 mus.
418 3342 483 3421 Qui
507 3342 630 3425 utique,
656 3362 825 3406 unacum
851 3339 1082 3407 archidiacono
1098 3339 1336 3409 Saresberiensi

288 3444 482 3532 Regiualdo,
504 3463 613 3508 coram
645 3443 741 3508 nobis
764 3449 799 3508 et
828 3441 989 3508 fratribus
1011 3442 1133 3507 nostris
1165 3451 1341 3529 praesentes

288 3547 439 3631 quaedam
477 3546 643 3610 instanter
681 3551 715 3609 et
749 3543 891 3610 sollicite
932 3550 1183 3629 proposuerunt,
1220 3547 1341 3630 quibus

286 3650 373 3714 sicut
394 3669 454 3713 nec
476 3647 664 3727 debuimus,
688 3668 755 3713 non
779 3647 937 3711 duximus
960 3645 1171 3732 aliquatenus
1193 3648 1341 3734 acquies-

285 3752 434 3817 cendum.
481 3749 628 3815 Tandem
652 3770 739 3825 vero,
764 3769 840 3814 cum
870 3747 924 3812 his
954 3768 1029 3833 quoe
1062 3747 1159 3814 nobis
1192 3749 1228 3813 in
1250 3751 1353 3839 prin?

284 3854 369 3937 cipio
392 3852 527 3917 fueraut
550 3851 710 3914 intimata
732 3869 837 3926 aures,
861 3848 949 3914 sicut
972 3869 1043 3913 non
1065 3849 1214 3928 decebat,
1236 3852 1345 3918 nulla-

283 3960 380 4018 tenus
402 3953 645 4028 inclinaremus,
661 3951 757 4016 nobis
781 3948 976 4035 diligentius
992 3956 1237 4036 proposuerunt
1252 3954 1340 4039 quod

282 4064 329 4132 tu,
352 4057 438 4122 sicut
460 4055 496 4119 in
512 4053 649 4120 eorum⁰
672 4050 1002 4118 commemoratorio⁷
1025 4052 1180 4132 vidimus,
1203 4076 1340 4122 venera·

282 4160 340 4223 bili
356 4159 451 4223 fratri
472 4163 586 4222 nostro
601 4156 736 4220 Thomae
753 4153 987 4220 Cantuariensi
1003 4155 1248 4242 archiepiscopo
1262 4179 1339 4224 con·

317 4362 324 4392 ¹
342 4362 443 4423 neqolio,
455 4374 504 4408 om.
518 4360 546 4407 Z.
867 4355 876 4386 ⁴
893 4352 925 4402 dc
938 4351 1097 4413 Saretberr'a,
1110 4355 1140 4405 L.

313 4443 323 4474 ²
341 4457 371 4489 ao
383 4440 545 4488 constantiam
559 4444 635 4496 tuum,
647 4436 679 4495 A,
693 4436 715 4485 O
727 4456 733 4493 ς
751 4433 783 4484 de
866 4432 877 4464 ⁸
895 4438 926 4492 ct,
939 4433 968 4484 Z.

279 4519 424 4570 contentia
437 4524 489 4577 lau,
501 4518 528 4577 Z,
540 4518 570 4566 L.
865 4510 876 4542 ⁶
893 4526 985 4571 eorum,
997 4512 1032 4572 A,
1045 4511 1082 4574 23
1099 4527 1150 4563 om.
1163 4513 1193 4564 L.

312 4601 323 4629 ³
340 4597 516 4655 decideramus,
536 4594 569 4654 A,
589 4595 628 4652 03
655 4592 782 4642 desidero·
866 4591 876 4628 ⁷
892 4595 1121 4654 commemoratorio,
1130 4594 1166 4655 A,
1179 4595 1212 4656 0,
1224 4597 1259 4656 Z;
1271 4612 1336 4646 com·

279 4681 365 4735 uirtus,
377 4676 407 4725 Ῐι.
831 4672 959 4730 mentatio,
971 4672 1001 4721 L.
