3278 5662
360 798 426 862 342
801 813 985 864 nersronra.
1224 799 1303 883 [an.
1321 798 1417 876 1170,

360 1014 482 1078 equum
505 993 758 1073 reascendentie,
782 994 1001 1059 ascensorium
1027 993 1128 1081 (quod
1162 997 1261 1080 vulgo
1296 998 1416 1063 striva-

193 1094 468 1160 Ther0001¹·rium¹
492 1096 627 1180 dicitur)
652 1095 772 1161 tonuit.
819 1095 874 1160 Sic
899 1097 1002 1182 igitur
1033 1099 1156 1163 reversi
1180 1106 1349 1177 sunt‚1·cx
1372 1101 1416 1164 ad

193 1163 319 1214 eiliutiou.

361 1222 445 1278 siros,
471 1200 718 1264 Cantuaricnsis
741 1198 785 1263 ad
801 1199 949 1264 Francos,
1009 1200 1082 1265 Rex
1104 1206 1225 1280 autem,
1242 1224 1308 1268 non
1332 1203 1416 1268 inito

361 1302 426 1366 alio
449 1302 594 1377 consilio
632 1298 761 1387 publice
794 1302 966 1366 mmtiavit
998 1325 1032 1367 sc
1067 1324 1142 1368 cum
1182 1304 1416 1370 Cantuarienei

360 1427 473 1490 pacem
496 1405 613 1470 fecisse
645 1404 688 1469 ad
722 1403 879 1469 honorem
912 1405 976 1469 Dei
999 1410 1034 1470 et
1067 1428 1171 1471 suum.
1220 1406 1418 1473 Convocatis

307 1534 309 1538 ⁴
360 1508 465 1595 igitur
487 1508 564 1572 hinc
579 1509 657 1573 inde
672 1508 867 1584 astantibus,
883 1509 1032 1574 restituit
1048 1509 1279 1576 Oantuaricnsi
1303 1534 1416 1597 pacem

362 1632 465 1688 suam,
500 1610 641 1695 gratiam
676 1631 778 1686 suam,
803 1610 971 1675 ecclesiam
1006 1617 1167 1690 suamet
1198 1614 1416 1698 possessiones

361 1712 504 1778 ccclesiae
526 1733 595 1777 suae
625 1712 662 1775 in
696 1711 870 1797 integrum.
926 1713 1157 1778 Processerunt
1188 1715 1289 1780 etiam
1321 1736 1415 1780 coex-

360 1813 447 1880 sulcs
471 1814 596 1878 domini
621 1813 870 1878 Cantuaricnsis
891 1814 949 1899 qui
972 1815 1157 1892 adfuerant,
1181 1816 1281 1880 etad
1315 1817 1415 1902 pedes

361 1917 447 2002 regis
470 1937 504 1981 se
526 1915 810 1990 humiliaverunt3
835 1936 894 1978 rex
917 1920 1037 1993 autem,
1062 1938 1123 1981 sua
1149 1917 1288 2004 singulis
1320 1919 1415 1984 rosti-

361 2025 468 2095 tucns‚
500 2039 593 2082 suam
625 2017 766 2103 benigne
789 2038 901 2102 pacem
924 2018 1083 2084 concessit
1117 2019 1164 2083 eis
1199 2024 1233 2084 et
1263 2020 1413 2105 gratiam.

362 2120 426 2184 His
449 2117 520 2184 ite-²
550 2120 661 2206 gestis,
684 2119 792 2184 voluit
825 2118 978 2183 dominus
1011 2141 1070 2184 rex
1105 2126 1144 2184 ut
1167 2120 1415 2186 Cantuariensis

362 2243 470 2288 secum
495 2221 609 2286 statim
636 2221 673 2284 in
705 2219 945 2285 Normanniam
977 2221 1115 2301 veniret,
1139 2227 1212 2285 tum
1247 2223 1415 2309 spatiandi

362 2347 469 2402 causa,
492 2331 564 2389 tum
587 2345 629 2389 ne
656 2323 836 2390 occultaret
869 2325 1076 2390 concordiam
1108 2325 1314 2392 diuturnitas
1348 2326 1414 2391 dis-

361 2427 529 2493 sensionis.
576 2426 733 2492 Promisit
766 2425 867 2490 etiam
903 2424 1134 2491 Cantuariensi
1158 2432 1192 2491 et
1226 2427 1295 2491 suis
1325 2427 1415 2492 sufli-

360 2532 502 2598 cicntem
525 2531 781 2597 necessariorum
796 2530 1125 2595 administrationem.
1165 2530 1414 2597 Cantuariensis

360 2640 481 2712 autem,
504 2634 584 2719 quia
606 2633 729 2718 absque
753 2631 931 2698 licentias
961 2652 1036 2717 rege
1059 2636 1092 2696 et
1117 2631 1253 2698 ecclesia
1275 2632 1416 2698 Franco·

360 2761 434 2803 rum
457 2736 613 2824 accepta,8
636 2738 706 2801 sine
737 2736 869 2801 laesione
901 2734 1045 2800 nominis
1069 2735 1129 2811 sui,
1162 2735 1312 2802 recedere
1346 2758 1414 2801 non

193 2847 304 2898 Hubert
313 2857 340 2898 to
360 2845 498 2927 poterat,
514 2839 705 2905 revertendi
724 2838 892 2924 adipsum
915 2836 1066 2902 inducias
1088 2837 1260 2923 expetivit.
1306 2839 1415 2904 Jussit

192 2915 224 2990 te
236 2923 292 2965 sem

299 2999 327 3047 g·
360 2941 464 3027 igitur
486 2962 546 3007 rex
569 2940 703 3006 interim
728 2938 1012 3014 Cantuariensem
1028 2937 1071 3002 ad
1094 2939 1314 3023 possessiones
1337 2961 1415 3005 suas

360 3049 394 3109 ct
417 3066 552 3110 suorum
575 3041 786 3129 recipiendas,
819 3041 964 3126 aliquem
988 3040 1177 3106 clericorum
1209 3062 1343 3106 suorum
1378 3043 1414 3106 in

359 3148 515 3234 Angliam
548 3147 782 3222 transmittere,
815 3145 863 3208 ita
896 3149 1017 3221 tamen,
1041 3148 1080 3207 ut
1113 3143 1206 3228 prius
1240 3145 1282 3208 ad
1317 3144 1413 3209 illum

358 3250 487 3336 legatus
511 3249 648 3324 veniret,
664 3246 868 3332 receptisque
892 3244 1013 3310 litteris
1029 3245 1097 3309 suis
1120 3246 1163 3310 ad
1186 3245 1293 3310 filium
1316 3268 1413 3312 suum

358 3359 393 3417 ct
426 3353 470 3418 ad
502 3357 638 3417 ceteros
676 3351 769 3436 regni
807 3349 966 3425 custodes
1006 3370 1138 3413 securus
1176 3350 1412 3417 transfretaret.

359 3457 423 3521 His
446 3455 516 3520 ita⁴
539 3454 694 3531 crocotis,
718 3475 786 3533 rex,
803 3452 963 3537 requisita
985 3472 1005 3516 a
1028 3452 1161 3518 dominc
1180 3452 1412 3521 Cantuaricnsi

359 3557 596 3633 benedictione,
620 3555 760 3621 recessit.
808 3554 895 3635 Quia
918 3554 1023 3640 igitur
1055 3553 1159 3619 amico
1191 3555 1324 3633 vestro,⁶
1355 3556 1412 3621 sed

358 3661 556 3726 amicissimo
588 3664 623 3723 et
656 3659 693 3722 in
727 3658 881 3723 omnibus
915 3656 1082 3720 voluntati
1114 3655 1261 3721 nost1se⁶
1284 3657 1412 3735 devoto,

358 3764 517 3851 magistro
548 3760 733 3826 Hereberto
780 3760 903 3847 legatio
937 3759 1007 3823 haee
1046 3757 1197 3843 injuncta
1235 3764 1294 3835 cst,
1332 3780 1411 3846 rogo

358 3879 529 3954 quatenus,
545 3869 658 3930 vestra
674 3864 823 3930 oratione
838 3862 881 3927 ad
897 3861 1006 3926 Deum
1029 3861 1253 3926 intercedente
1268 3861 1412 3947 adjutus

358 3969 464 4035 tutior
487 3967 626 4034 incedat.
673 3967 800 4044 Valetc,
823 3986 948 4029 memor
970 3964 1043 4028 mei.

391 4197 399 4229 ¹
415 4197 574 4257 scrinarium,
586 4196 620 4246 A.
944 4191 954 4223 ⁴
971 4193 1015 4251 ita,
1027 4190 1061 4246 Δ.
1073 4191 1109 4250 25
1127 4191 1221 4254 itaque,
1231 4191 1261 4241 L.

389 4275 401 4309 ²
418 4276 512 4340 itaque,
523 4277 554 4326 L.
943 4271 954 4302 ⁵
974 4278 1069 4329 vestro,
1081 4271 1123 4330 A3
1140 4278 1233 4330 nostro,
1244 4272 1275 4320 L.

340 4376 344 4383 -
390 4358 402 4392 s
421 4361 533 4420 empta,
544 4354 578 4403 Α,
945 4348 955 4380 ⁶
973 4355 1075 4409 trustra,
1086 4349 1130 4409 A}
1150 4354 1245 4411 uestra,
1258 4350 1287 4399 L.
