3278 5662
349 802 414 865 286
789 816 970 865 amaronn.
1204 804 1283 887 [ao.
1302 804 1397 876 1170.

351 1005 391 1065 ut
425 1002 525 1078 scitia,
549 1023 616 1066 non
648 1004 884 1088 prosequendae
918 1001 1150 1090 appellationis
1182 1007 1399 1094 indulgentia.

354 1104 492 1167 Interim
524 1105 552 1167 si
583 1109 678 1188 pater
708 1111 826 1182 noster,
851 1105 1004 1169 dominus
1029 1104 1276 1173 Cantuariensis
1299 1108 1401 1173 vellet

351 1205 464 1270 ablata
487 1205 664 1285 remittere,
681 1212 724 1283 et,
742 1207 961 1292 perniciosum
977 1210 1222 1294 compositionis
1244 1210 1398 1276 ineundae

322 1365 324 1370 .
350 1308 525 1373 coaetaneis
548 1315 582 1372 et
606 1308 744 1393 posteris
767 1308 911 1394 praebere
934 1309 1131 1395 exemplum,
1148 1333 1261 1396 pacem
1285 1311 1398 1387 facere,

350 1410 444 1474 vobis
467 1431 533 1474 non
573 1410 860 1495 interponentibus
898 1417 1007 1496 partes
1038 1419 1173 1489 vestras,
1206 1435 1280 1479 curn
1316 1435 1400 1500 rege,

348 1518 503 1599 potuerat
538 1519 572 1576 et
603 1512 707 1576 redire
722 1513 773 1575 'in
804 1513 945 1598 gratiam
977 1512 1213 1580 familiaritatis
1245 1515 1399 1600 antiquae.

351 1614 416 1679 Sed
440 1614 528 1678 absit
547 1613 617 1678 haec
638 1612 710 1676 lues
732 1635 753 1677 a
775 1613 942 1678 mentibus
965 1615 1094 1691 nostris,
1111 1621 1158 1691 ut,
1175 1615 1401 1701 proquolibet

353 1714 527 1800 temporali
551 1713 779 1789 emolumenta,
799 1715 990 1800 jugulemus
1021 1716 1149 1781 animas
1176 1723 1323 1795 nostras3
1349 1716 1400 1778 in·

352 1816 492 1880 sanabili
532 1815 630 1901 plaga
668 1817 882 1881 conscientias
921 1817 1130 1882 vulneremus
1142 1842 1149 1896 ;
1187 1824 1222 1882 et
1258 1817 1400 1883 nefando

352 1920 536 2005 voluptatis
559 1939 618 1983 aua
641 1920 792 1984 avaritiae
815 1920 1027 1986 mercimonio
1051 1922 1233 1986 vendamus
1256 1920 1400 1987 ecclesiae

352 2023 552 2098 libe1tatem‚
585 2030 620 2086 et
650 2028 797 2106 posteros
832 2044 933 2108 pravo
964 2045 1210 2109 corrumpamus
1241 2023 1398 2108 exemplo.

358 2125 497 2189 Faciant
526 2125 598 2198 hoc,¹
625 2124 653 2187 si
677 2124 804 2200 volunt,
827 2124 894 2200 alii,
917 2132 977 2189 aut
1006 2127 1117 2210 potius
1148 2125 1261 2190 nullus
1290 2126 1401 2200 faciat,

355 2227 433 2311 quia
456 2248 515 2290 nos
540 2246 606 2289 non
623 2226 672 2290 ita
695 2225 842 2289 instit-uti
859 2247 972 2290 sumus
987 2247 1007 2291 a
1022 2227 1145 2292 sanctis
1168 2228 1327 2313 patribus,
1343 2228 1400 2311 qui

354 2327 628 2394 Cantuariensem
644 2327 812 2393 eeclesiam
827 2336 986 2393 rexerunt
1000 2329 1036 2393 in
1051 2329 1219 2395 laboribus
1233 2329 1356 2406 multis,
1367 2334 1401 2392 et

352 2431 486 2495 tandem
510 2430 692 2495 mercedem
715 2429 864 2494 laborum
880 2437 1075 2515 receperunt
1089 2452 1110 2495 a
1126 2432 1288 2508 Domino;
1307 2430 1399 2494 idem

350 2534 407 2617 qui
432 2538 546 2598 auctor
561 2533 728 2618 propositi,
745 2533 953 2598 conscientiae
976 2539 1097 2598 nostrae
1121 2533 1215 2597 testis
1234 2538 1285 2597 est
1300 2532 1400 2607 Deus,

356 2635 445 2719 quod
468 2634 621 2698 dominus
645 2632 893 2698 Cantuariensis
924 2634 1093 2720 praeelegit
1119 2635 1155 2696 in
1178 2634 1293 2699 exsilio
1316 2633 1400 2696 mori

351 2756 449 2820 quam
482 2736 698 2820 perniciosam
729 2735 871 2800 ecclesiae
895 2735 949 2798 vel
975 2735 1187 2821 probrosaml
1220 2735 1303 2798 inire
1326 2755 1401 2799 con-

351 2838 503 2902 cordiam.
551 2837 595 2900 Et
626 2838 653 2900 si
677 2837 748 2901 haee
772 2837 874 2921 (quod
897 2836 1001 2918 absit)
1022 2842 1212 2912 attentaret,
1235 2857 1329 2900 rarus
1352 2841 1402 2900 est

350 2940 437 3004 inter
466 2961 527 3003 nos
568 2939 708 3023 (siquis
739 2939 864 3022 tamen)
897 2938 954 3022 qui
985 2937 1138 3023 deinceps
1171 2937 1261 3001 illius
1292 2945 1402 3023 posset

355 3041 539 3104 dominium
578 3045 638 3104 aut
672 3040 871 3104 consortium
910 3039 1080 3103 sustinere.
1147 3038 1328 3104 Nobiscum
1360 3039 1401 3102 de

356 3164 436 3228 pace
472 3142 624 3217 ecelesiae,
659 3142 881 3206 mediantibus
920 3141 1043 3214 amicis,
1081 3142 1294 3216 tractabam,
1327 3163 1400 3207 cum

353 3246 375 3308 J
377 3267 499 3310 oannes
516 3246 555 3308 de
572 3243 760 3308 Oxeneford
788 3243 927 3308 Romam
942 3243 1155 3330 proficiscens,
1171 3249 1206 3307 et
1226 3243 1402 3308 manifesto

353 3346 492 3411 multis‘2
512 3345 714 3430 justificatus
745 3346 898 3430 perjurio,
914 3346 1014 3411 rediit
1043 3343 1272 3429 triumphator,
1295 3350 1329 3408 et
1359 3345 1403 3408 ab

354 3448 536 3534 apostolica
560 3448 634 3510 sede
658 3446 792 3523 furenti,
816 3447 910 3531 quasi
942 3468 1000 3533 per
1020 3467 1055 3510 se
1076 3465 1144 3509 non
1166 3445 1247 3508 satis
1277 3445 1402 3507 insani-

182 3554 234 3602 The
247 3554 324 3604 curia
354 3558 416 3627 ret,
440 3571 562 3614 cornua
593 3549 710 3614 attulit
739 3549 909 3634 peccatori.
971 3551 1025 3613 Ab
1053 3568 1093 3612 ea
1124 3547 1176 3610 die
1206 3547 1401 3632 proscriptio

180 3635 325 3734 ξξζῖξζθᾟς
352 3658 476 3730 nostra,
503 3674 577 3737 quae
601 3656 700 3716 antea
731 3651 791 3716 soli
822 3652 891 3737 regi
914 3657 949 3716 et
976 3651 1043 3715 suis
1073 3653 1203 3733 poterat
1234 3649 1401 3734 imputari,

181 3752 274 3843 toringa
287 3754 316 3843 ol
353 3755 522 3820 ecclesiam
547 3755 730 3818 Romanam
754 3753 1015 3819 dissimulatione
1035 3752 1089 3816 vel
1108 3771 1267 3816 consensu
1291 3755 1402 3816 aucto-

182 3820 322 3868 dieentes.
358 3878 426 3920 rem
452 3857 581 3933 habuit,
606 3879 680 3921 eum
703 3856 902 3941 persecutori
932 3856 969 3919 in
991 3854 1120 3920 malitia
1142 3852 1336 3940 perduranti
1358 3852 1403 3915 sit

357 3957 489 4022 indulta
512 3958 638 4035 dilatio,
663 3961 697 4022 et
721 3956 961 4042 quodammodo
984 3955 1118 4020 lieentia
1139 3954 1289 4040 praestita
1310 3953 1403 4018 incu-

358 4059 459 4123 bandi
484 4060 626 4125 ecclesiis
660 4066 694 4123 et
716 4058 892 4143 torquendi
921 4058 1119 4122 innocentes.
1180 4054 1350 4132 sanabis,
1374 4052 1401 4116 si

358 4162 439 4245 quid
472 4162 580 4226 solatii
615 4161 791 4226 videbatur
814 4182 883 4224 esse
906 4165 1101 4245 porrectum,
1128 4157 1250 4231 statim,
1272 4151 1404 4219 missis³

354 4287 371 4327 o
396 4264 499 4328 latere
522 4263 651 4332 nuntiis
678 4268 738 4326 aut
763 4262 893 4337 litteris,
916 4258 1158 4346 impediebatur
1187 4278 1228 4321 ne
1252 4257 1403 4320 votivum

360 4370 421 4428 aut
446 4365 597 4430 debitum
621 4363 797 4427 sortiretur
820 4361 981 4426 effectum.
1042 4358 1148 4423 Nobis
1172 4358 1273 4423 etiam
1294 4361 1403 4422 tacen-

388 4621 393 4653 ¹
408 4635 564 4686 proprcaum,
577 4619 611 4668 A.
933 4615 944 4647 ⁸
962 4615 1051 4674 mimia,
1062 4628 1112 4665 om.
1125 4615 1155 4664 L.

385 4702 395 4733 ²
412 4699 509 4759 medrus,
521 4697 551 4749 Ο.
