<?xml version="1.0" encoding="UTF-8"?>
<!DOCTYPE html PUBLIC "-//W3C//DTD XHTML 1.0 Transitional//EN"
    "http://www.w3.org/TR/xhtml1/DTD/xhtml1-transitional.dtd">
<html xmlns="http://www.w3.org/1999/xhtml" xml:lang="en" lang="en">
 <head>
  <title>
</title>
<meta http-equiv="Content-Type" content="text/html;charset=utf-8" />
  <meta name='ocr-system' content='tesseract 3.04.00' />
  <meta name='ocr-capabilities' content='ocr_page ocr_carea ocr_par ocr_line ocrx_word'/>
</head>
<body>
  <div class='ocr_page' id='page_1' title='image "./materialsforhis00robegoog/materialsforhis00robegoog_0431.png"; bbox 0 0 3278 5662; ppageno 0'>
   <div class='ocr_carea' id='block_1_1' title="bbox 392 770 1446 856">
    <p class='ocr_par' dir='ltr' id='par_1_1' title="bbox 392 770 1446 856">
     <span class='ocr_line' id='line_1_1' title="bbox 392 770 1446 856; baseline 0.011 -25"><span class='ocrx_word' id='word_1_1' title='bbox 392 770 457 833; x_wconf 78' lang='lat'>406</span> <span class='ocrx_word' id='word_1_2' title='bbox 839 781 1021 834; x_wconf 79' lang='lat' dir='ltr'>nsrsronn.</span> <span class='ocrx_word' id='word_1_3' title='bbox 1246 772 1328 856; x_wconf 72' lang='lat' dir='ltr'>[ao.</span> <span class='ocrx_word' id='word_1_4' title='bbox 1342 771 1446 843; x_wconf 80' lang='lat'>1170.</span> 
     </span>
    </p>
   </div>
   <div class='ocr_carea' id='block_1_2' title="bbox 217 971 1446 4125">
    <p class='ocr_par' dir='ltr' id='par_1_2' title="bbox 217 971 1446 4125">
     <span class='ocr_line' id='line_1_2' title="bbox 391 971 1446 1060; baseline 0.003 -24"><span class='ocrx_word' id='word_1_5' title='bbox 391 971 563 1036; x_wconf 76' lang='lat' dir='ltr'><strong>seditionis</strong></span> <span class='ocrx_word' id='word_1_6' title='bbox 586 975 750 1036; x_wconf 75' lang='lat' dir='ltr'><strong>consortes</strong></span> <span class='ocrx_word' id='word_1_7' title='bbox 773 975 808 1035; x_wconf 92' lang='lat' dir='ltr'>et</span> <span class='ocrx_word' id='word_1_8' title='bbox 838 971 1025 1037; x_wconf 76' lang='lat' dir='ltr'>schismatis</span> <span class='ocrx_word' id='word_1_9' title='bbox 1054 974 1248 1051; x_wconf 88' lang='lat' dir='ltr'>incentores,</span> <span class='ocrx_word' id='word_1_10' title='bbox 1273 976 1446 1060; x_wconf 88' lang='lat' dir='ltr'>juramen·</span> 
     </span>
     <span class='ocr_line' id='line_1_3' title="bbox 391 1071 1445 1160; baseline 0.002 -22"><span class='ocrx_word' id='word_1_11' title='bbox 391 1072 485 1138; x_wconf 88' lang='lat' dir='ltr'>tum1</span> <span class='ocrx_word' id='word_1_12' title='bbox 519 1071 706 1158; x_wconf 90' lang='lat' dir='ltr'>hujusmodi</span> <span class='ocrx_word' id='word_1_13' title='bbox 738 1071 803 1136; x_wconf 88' lang='lat' dir='ltr'>nisi</span> <span class='ocrx_word' id='word_1_14' title='bbox 836 1072 877 1136; x_wconf 93' lang='lat' dir='ltr'>de</span> <span class='ocrx_word' id='word_1_15' title='bbox 899 1071 1072 1138; x_wconf 89' lang='lat' dir='ltr'>voluntate</span> <span class='ocrx_word' id='word_1_16' title='bbox 1107 1075 1193 1160; x_wconf 85' lang='lat' dir='ltr'>regis</span> <span class='ocrx_word' id='word_1_17' title='bbox 1226 1096 1295 1141; x_wconf 92' lang='lat' dir='ltr'>non</span> <span class='ocrx_word' id='word_1_18' title='bbox 1326 1076 1445 1142; x_wconf 86' lang='lat' dir='ltr'>debere</span> 
     </span>
     <span class='ocr_line' id='line_1_4' title="bbox 391 1175 1446 1262; baseline 0.006 -23"><span class='ocrx_word' id='word_1_19' title='bbox 391 1175 549 1261; x_wconf 87' lang='lat' dir='ltr'>praestari,</span> <span class='ocrx_word' id='word_1_20' title='bbox 587 1175 768 1260; x_wconf 69' lang='lat' dir='ltr'>praesertim</span> <span class='ocrx_word' id='word_1_21' title='bbox 808 1175 851 1238; x_wconf 92' lang='lat' dir='ltr'>ab</span> <span class='ocrx_word' id='word_1_22' title='bbox 891 1175 1060 1261; x_wconf 87' lang='lat' dir='ltr'>episcopis,</span> <span class='ocrx_word' id='word_1_23' title='bbox 1102 1177 1181 1262; x_wconf 89' lang='lat' dir='ltr'>quia</span> <span class='ocrx_word' id='word_1_24' title='bbox 1221 1183 1292 1244; x_wconf 91' lang='lat' dir='ltr'>erat</span> <span class='ocrx_word' id='word_1_25' title='bbox 1330 1185 1446 1245; x_wconf 90' lang='lat' dir='ltr'>contra</span> 
     </span>
     <span class='ocr_line' id='line_1_5' title="bbox 392 1277 1446 1366; baseline 0.006 -24"><span class='ocrx_word' id='word_1_26' title='bbox 392 1279 590 1364; x_wconf 83' lang='lat' dir='ltr'>dignitatem</span> <span class='ocrx_word' id='word_1_27' title='bbox 613 1277 770 1364; x_wconf 89' lang='lat' dir='ltr'>principis</span> <span class='ocrx_word' id='word_1_28' title='bbox 801 1283 836 1342; x_wconf 90' lang='lat' dir='ltr'>et</span> <span class='ocrx_word' id='word_1_29' title='bbox 865 1279 1119 1345; x_wconf 90' lang='lat' dir='ltr'>consuetudines</span> <span class='ocrx_word' id='word_1_30' title='bbox 1153 1281 1255 1366; x_wconf 85' lang='lat' dir='ltr'>regni.</span> <span class='ocrx_word' id='word_1_31' title='bbox 1302 1281 1342 1345; x_wconf 88' lang='lat' dir='ltr'>Ei</span> <span class='ocrx_word' id='word_1_32' title='bbox 1366 1304 1446 1348; x_wconf 90' lang='lat' dir='ltr'>vero</span> 
     </span>
     <span class='ocr_line' id='line_1_6' title="bbox 392 1386 1444 1474; baseline 0 -25"><span class='ocrx_word' id='word_1_33' title='bbox 392 1406 434 1449; x_wconf 88' lang='lat' dir='ltr'>ex</span> <span class='ocrx_word' id='word_1_34' title='bbox 457 1389 552 1470; x_wconf 88' lang='lat' dir='ltr'>parte</span> <span class='ocrx_word' id='word_1_35' title='bbox 574 1390 691 1450; x_wconf 90' lang='lat' dir='ltr'>nostra</span> <span class='ocrx_word' id='word_1_36' title='bbox 721 1404 914 1470; x_wconf 88' lang='lat' dir='ltr'>responsum</span> <span class='ocrx_word' id='word_1_37' title='bbox 949 1389 1009 1462; x_wconf 90' lang='lat' dir='ltr'>est,</span> <span class='ocrx_word' id='word_1_38' title='bbox 1043 1386 1132 1471; x_wconf 92' lang='lat' dir='ltr'>quod</span> <span class='ocrx_word' id='word_1_39' title='bbox 1163 1387 1265 1452; x_wconf 91' lang='lat' dir='ltr'>iidem</span> <span class='ocrx_word' id='word_1_40' title='bbox 1300 1388 1444 1474; x_wconf 83' lang='lat' dir='ltr'>episcopi</span> 
     </span>
     <span class='ocr_line' id='line_1_7' title="bbox 392 1486 1444 1568; baseline 0.002 -17"><span class='ocrx_word' id='word_1_41' title='bbox 392 1493 492 1553; x_wconf 86' lang='lat' dir='ltr'>antea</span> <span class='ocrx_word' id='word_1_42' title='bbox 528 1509 548 1552; x_wconf 87' lang='lat' dir='ltr'>a</span> <span class='ocrx_word' id='word_1_43' title='bbox 580 1486 675 1552; x_wconf 87' lang='lat' dir='ltr'>nobis</span> <span class='ocrx_word' id='word_1_44' title='bbox 713 1487 989 1552; x_wconf 83' lang='lat' dir='ltr'>excommunicati</span> <span class='ocrx_word' id='word_1_45' title='bbox 1027 1488 1170 1568; x_wconf 81' lang='lat' dir='ltr'>fuerant,</span> <span class='ocrx_word' id='word_1_46' title='bbox 1202 1494 1237 1554; x_wconf 90' lang='lat' dir='ltr'>et</span> <span class='ocrx_word' id='word_1_47' title='bbox 1274 1511 1341 1555; x_wconf 92' lang='lat' dir='ltr'>non</span> <span class='ocrx_word' id='word_1_48' title='bbox 1378 1491 1444 1554; x_wconf 87' lang='lat' dir='ltr'>nisi</span> 
     </span>
     <span class='ocr_line' id='line_1_8' title="bbox 392 1585 1446 1674; baseline -0.001 -20"><span class='ocrx_word' id='word_1_49' title='bbox 392 1589 542 1674; x_wconf 72' lang='lat' dir='ltr'>praestito</span> <span class='ocrx_word' id='word_1_50' title='bbox 569 1587 768 1673; x_wconf 86' lang='lat' dir='ltr'>juramento,</span> <span class='ocrx_word' id='word_1_51' title='bbox 791 1608 867 1653; x_wconf 87' lang='lat' dir='ltr'>oum</span> <span class='ocrx_word' id='word_1_52' title='bbox 889 1585 973 1652; x_wconf 75' lang='lat' dir='ltr'>vos²</span> <span class='ocrx_word' id='word_1_53' title='bbox 1004 1589 1121 1654; x_wconf 89' lang='lat' dir='ltr'>multis</span> <span class='ocrx_word' id='word_1_54' title='bbox 1154 1590 1446 1656; x_wconf 68' lang='lat' dir='ltr'>sollicitationibus</span> 
     </span>
     <span class='ocr_line' id='line_1_9' title="bbox 391 1688 1444 1777; baseline 0 -22"><span class='ocrx_word' id='word_1_55' title='bbox 391 1690 665 1777; x_wconf 74' lang='lat' dir='ltr'>interpellassent,</span> <span class='ocrx_word' id='word_1_56' title='bbox 696 1688 824 1754; x_wconf 86' lang='lat' dir='ltr'>absolvi</span> <span class='ocrx_word' id='word_1_57' title='bbox 839 1688 1053 1756; x_wconf 82' lang='lat' dir='ltr'>meruerunt³</span> <span class='ocrx_word' id='word_1_58' title='bbox 1098 1690 1142 1756; x_wconf 85' lang='lat' dir='ltr'>Et</span> <span class='ocrx_word' id='word_1_59' title='bbox 1173 1692 1202 1756; x_wconf 88' lang='lat' dir='ltr'>si</span> <span class='ocrx_word' id='word_1_60' title='bbox 1228 1698 1342 1757; x_wconf 88' lang='lat' dir='ltr'>nostra</span> <span class='ocrx_word' id='word_1_61' title='bbox 1371 1713 1444 1756; x_wconf 91' lang='lat' dir='ltr'>sen-</span> 
     </span>
     <span class='ocr_line' id='line_1_10' title="bbox 391 1791 1445 1878; baseline 0 -20"><span class='ocrx_word' id='word_1_62' title='bbox 391 1793 499 1858; x_wconf 87' lang='lat' dir='ltr'>tentia</span> <span class='ocrx_word' id='word_1_63' title='bbox 530 1792 601 1857; x_wconf 88' lang='lat' dir='ltr'>sine</span> <span class='ocrx_word' id='word_1_64' title='bbox 619 1791 810 1877; x_wconf 90' lang='lat' dir='ltr'>juramento</span> <span class='ocrx_word' id='word_1_65' title='bbox 836 1791 1068 1878; x_wconf 72' lang='lat' dir='ltr'>&#39;episcoporum</span> <span class='ocrx_word' id='word_1_66' title='bbox 1101 1793 1186 1858; x_wconf 91' lang='lat' dir='ltr'>solvi</span> <span class='ocrx_word' id='word_1_67' title='bbox 1220 1816 1288 1860; x_wconf 93' lang='lat' dir='ltr'>non</span> <span class='ocrx_word' id='word_1_68' title='bbox 1319 1794 1445 1872; x_wconf 86' lang='lat' dir='ltr'>debuit,</span> 
     </span>
     <span class='ocr_line' id='line_1_11' title="bbox 393 1895 1443 1982; baseline 0.002 -22"><span class='ocrx_word' id='word_1_69' title='bbox 393 1895 499 1961; x_wconf 90' lang='lat' dir='ltr'>multo</span> <span class='ocrx_word' id='word_1_70' title='bbox 521 1895 633 1959; x_wconf 87' lang='lat' dir='ltr'>minus</span> <span class='ocrx_word' id='word_1_71' title='bbox 655 1900 777 1970; x_wconf 85' lang='lat' dir='ltr'>vestra,</span> <span class='ocrx_word' id='word_1_72' title='bbox 808 1915 882 1980; x_wconf 86' lang='lat' dir='ltr'>quae</span> <span class='ocrx_word' id='word_1_73' title='bbox 913 1895 1010 1982; x_wconf 86' lang='lat' dir='ltr'>longe</span> <span class='ocrx_word' id='word_1_74' title='bbox 1040 1896 1157 1962; x_wconf 88' lang='lat' dir='ltr'>fortior</span> <span class='ocrx_word' id='word_1_75' title='bbox 1181 1902 1240 1975; x_wconf 91' lang='lat' dir='ltr'>est,</span> <span class='ocrx_word' id='word_1_76' title='bbox 1264 1905 1299 1964; x_wconf 87' lang='lat' dir='ltr'>et</span> <span class='ocrx_word' id='word_1_77' title='bbox 1321 1899 1443 1964; x_wconf 91' lang='lat' dir='ltr'>incom-</span> 
     </span>
     <span class='ocr_line' id='line_1_12' title="bbox 392 1995 1444 2083; baseline 0.002 -21"><span class='ocrx_word' id='word_1_78' title='bbox 392 1996 534 2083; x_wconf 80' lang='lat' dir='ltr'>parabili</span> <span class='ocrx_word' id='word_1_79' title='bbox 557 1995 652 2062; x_wconf 93' lang='lat' dir='ltr'>nobis</span> <span class='ocrx_word' id='word_1_80' title='bbox 675 2000 711 2061; x_wconf 93' lang='lat' dir='ltr'>et</span> <span class='ocrx_word' id='word_1_81' title='bbox 744 1996 940 2061; x_wconf 84' lang='lat' dir='ltr'>mortalibus</span> <span class='ocrx_word' id='word_1_82' title='bbox 974 1997 1102 2064; x_wconf 90' lang='lat' dir='ltr'>cunctis</span> <span class='ocrx_word' id='word_1_83' title='bbox 1135 2000 1333 2066; x_wconf 88' lang='lat' dir='ltr'>auctoritate</span> <span class='ocrx_word' id='word_1_84' title='bbox 1367 2000 1444 2064; x_wconf 83' lang='lat' dir='ltr'>sub</span> 
     </span>
     <span class='ocr_line' id='line_1_13' title="bbox 391 2097 1444 2182; baseline 0 -19"><span class='ocrx_word' id='word_1_85' title='bbox 391 2099 478 2164; x_wconf 86' lang='lat' dir='ltr'>nixa</span> <span class='ocrx_word' id='word_1_86' title='bbox 524 2097 579 2162; x_wconf 86' lang='lat' dir='ltr'>Ad</span> <span class='ocrx_word' id='word_1_87' title='bbox 610 2118 710 2182; x_wconf 87' lang='lat' dir='ltr'>quam</span> <span class='ocrx_word' id='word_1_88' title='bbox 741 2097 1018 2182; x_wconf 78' lang='lat' dir='ltr'>responsionem,⁴</span> <span class='ocrx_word' id='word_1_89' title='bbox 1050 2099 1137 2165; x_wconf 85' lang='lat' dir='ltr'>sicut</span> <span class='ocrx_word' id='word_1_90' title='bbox 1173 2100 1269 2165; x_wconf 91' lang='lat' dir='ltr'>nobis</span> <span class='ocrx_word' id='word_1_91' title='bbox 1302 2099 1444 2165; x_wconf 87' lang='lat' dir='ltr'>retulere</span> 
     </span>
     <span class='ocr_line' id='line_1_14' title="bbox 392 2199 1445 2288; baseline 0.003 -23"><span class='ocrx_word' id='word_1_92' title='bbox 392 2201 449 2286; x_wconf 90' lang='lat' dir='ltr'>qui</span> <span class='ocrx_word' id='word_1_93' title='bbox 484 2204 662 2286; x_wconf 84' lang='lat' dir='ltr'>praesentes</span> <span class='ocrx_word' id='word_1_94' title='bbox 693 2199 840 2277; x_wconf 88' lang='lat' dir='ltr'>aderant,</span> <span class='ocrx_word' id='word_1_95' title='bbox 875 2199 1019 2288; x_wconf 88' lang='lat' dir='ltr'>episcopi</span> <span class='ocrx_word' id='word_1_96' title='bbox 1053 2200 1136 2267; x_wconf 89' lang='lat' dir='ltr'>adeo</span> <span class='ocrx_word' id='word_1_97' title='bbox 1166 2203 1250 2268; x_wconf 91' lang='lat' dir='ltr'>moti</span> <span class='ocrx_word' id='word_1_98' title='bbox 1288 2209 1367 2268; x_wconf 91' lang='lat' dir='ltr'>sunt</span> <span class='ocrx_word' id='word_1_99' title='bbox 1404 2208 1445 2268; x_wconf 87' lang='lat' dir='ltr'>ut</span> 
     </span>
     <span class='ocr_line' id='line_1_15' title="bbox 392 2301 1443 2377; baseline 0.002 -10"><span class='ocrx_word' id='word_1_100' title='bbox 392 2301 598 2368; x_wconf 85' lang='lat' dir='ltr'>decreverint</span> <span class='ocrx_word' id='word_1_101' title='bbox 646 2301 766 2366; x_wconf 86' lang='lat' dir='ltr'>venire¹</span> <span class='ocrx_word' id='word_1_102' title='bbox 806 2301 849 2365; x_wconf 89' lang='lat' dir='ltr'>ad</span> <span class='ocrx_word' id='word_1_103' title='bbox 894 2322 965 2377; x_wconf 88' lang='lat' dir='ltr'>nos,</span> <span class='ocrx_word' id='word_1_104' title='bbox 1011 2306 1046 2367; x_wconf 86' lang='lat' dir='ltr'>et</span> <span class='ocrx_word' id='word_1_105' title='bbox 1091 2304 1273 2371; x_wconf 89' lang='lat' dir='ltr'>secundum</span> <span class='ocrx_word' id='word_1_106' title='bbox 1319 2326 1443 2371; x_wconf 86' lang='lat' dir='ltr'>morem</span> 
     </span>
     <span class='ocr_line' id='line_1_16' title="bbox 390 2401 1444 2488; baseline 0.001 -17"><span class='ocrx_word' id='word_1_107' title='bbox 390 2403 533 2471; x_wconf 88' lang='lat' dir='ltr'>ecclesiae</span> <span class='ocrx_word' id='word_1_108' title='bbox 571 2401 713 2488; x_wconf 90' lang='lat' dir='ltr'>recipere</span> <span class='ocrx_word' id='word_1_109' title='bbox 751 2401 999 2481; x_wconf 86' lang='lat' dir='ltr'>absolutionem,</span> <span class='ocrx_word' id='word_1_110' title='bbox 1037 2424 1104 2468; x_wconf 93' lang='lat' dir='ltr'>non</span> <span class='ocrx_word' id='word_1_111' title='bbox 1143 2405 1299 2472; x_wconf 85' lang='lat' dir='ltr'>ducentes</span> <span class='ocrx_word' id='word_1_112' title='bbox 1321 2413 1444 2484; x_wconf 88' lang='lat' dir='ltr'>tutum,</span> 
     </span>
     <span class='ocr_line' id='line_1_17' title="bbox 390 2505 1441 2593; baseline 0.005 -21"><span class='ocrx_word' id='word_1_113' title='bbox 390 2512 440 2586; x_wconf 91' lang='lat' dir='ltr'>ut,</span> <span class='ocrx_word' id='word_1_114' title='bbox 463 2505 781 2593; x_wconf 83' lang='lat' dir='ltr'>pro&#39;conservandis</span> <span class='ocrx_word' id='word_1_115' title='bbox 804 2506 898 2591; x_wconf 85' lang='lat' dir='ltr'>regni</span> <span class='ocrx_word' id='word_1_116' title='bbox 914 2507 1219 2587; x_wconf 89' lang='lat' dir='ltr'>consuetudinibus,</span> <span class='ocrx_word' id='word_1_117' title='bbox 1242 2511 1385 2577; x_wconf 73' lang='lat' dir='ltr'>ecclesiae</span> <span class='ocrx_word' id='word_1_118' title='bbox 1408 2533 1441 2577; x_wconf 89' lang='lat' dir='ltr'>se</span> 
     </span>
     <span class='ocr_line' id='line_1_18' title="bbox 389 2607 1441 2697; baseline 0.004 -23"><span class='ocrx_word' id='word_1_119' title='bbox 389 2614 601 2697; x_wconf 83' lang='lat' dir='ltr'>opponerent,</span> <span class='ocrx_word' id='word_1_120' title='bbox 640 2611 697 2672; x_wconf 71' lang='lat' dir='ltr'>et⁶</span> <span class='ocrx_word' id='word_1_121' title='bbox 735 2607 970 2693; x_wconf 86' lang='lat' dir='ltr'>impugnarent</span> <span class='ocrx_word' id='word_1_122' title='bbox 1007 2609 1202 2694; x_wconf 82' lang='lat' dir='ltr'>apostolicas</span> <span class='ocrx_word' id='word_1_123' title='bbox 1248 2613 1441 2678; x_wconf 88' lang='lat' dir='ltr'>sanctiones.</span> 
     </span>
     <span class='ocr_line' id='line_1_19' title="bbox 389 2708 1442 2795; baseline 0.003 -19"><span class='ocrx_word' id='word_1_124' title='bbox 389 2711 467 2788; x_wconf 83' lang='lat' dir='ltr'>Sed,</span> <span class='ocrx_word' id='word_1_125' title='bbox 488 2709 587 2775; x_wconf 96' lang='lat' dir='ltr'>homo</span> <span class='ocrx_word' id='word_1_126' title='bbox 610 2709 700 2795; x_wconf 85' lang='lat' dir='ltr'>pacis</span> <span class='ocrx_word' id='word_1_127' title='bbox 723 2708 885 2785; x_wconf 89' lang='lat' dir='ltr'>inimicus,</span> <span class='ocrx_word' id='word_1_128' title='bbox 909 2714 943 2774; x_wconf 88' lang='lat' dir='ltr'>et</span> <span class='ocrx_word' id='word_1_129' title='bbox 967 2709 1111 2775; x_wconf 81' lang='lat' dir='ltr'>ecclesiae</span> <span class='ocrx_word' id='word_1_130' title='bbox 1134 2711 1295 2788; x_wconf 85' lang='lat' dir='ltr'>turbator,</span> <span class='ocrx_word' id='word_1_131' title='bbox 1318 2713 1442 2780; x_wconf 86' lang='lat' dir='ltr'>Ebora-</span> 
     </span>
     <span class='ocr_line' id='line_1_20' title="bbox 388 2810 1441 2896; baseline 0.002 -18"><span class='ocrx_word' id='word_1_132' title='bbox 388 2813 494 2879; x_wconf 87' lang='lat' dir='ltr'>censis</span> <span class='ocrx_word' id='word_1_133' title='bbox 517 2812 682 2888; x_wconf 86' lang='lat' dir='ltr'>dissuasit,</span> <span class='ocrx_word' id='word_1_134' title='bbox 706 2810 878 2876; x_wconf 87' lang='lat' dir='ltr'>consulens</span> <span class='ocrx_word' id='word_1_135' title='bbox 908 2817 947 2875; x_wconf 89' lang='lat' dir='ltr'>ut</span> <span class='ocrx_word' id='word_1_136' title='bbox 977 2812 1088 2896; x_wconf 87' lang='lat' dir='ltr'>potius</span> <span class='ocrx_word' id='word_1_137' title='bbox 1118 2813 1250 2880; x_wconf 86' lang='lat' dir='ltr'>adirent</span> <span class='ocrx_word' id='word_1_138' title='bbox 1272 2815 1441 2880; x_wconf 90' lang='lat' dir='ltr'>dominum</span> 
     </span>
     <span class='ocr_line' id='line_1_21' title="bbox 388 2913 1443 3002; baseline 0.004 -22"><span class='ocrx_word' id='word_1_139' title='bbox 388 2937 508 3002; x_wconf 87' lang='lat' dir='ltr'>regem,</span> <span class='ocrx_word' id='word_1_140' title='bbox 540 2915 599 3000; x_wconf 93' lang='lat' dir='ltr'>qui</span> <span class='ocrx_word' id='word_1_141' title='bbox 633 2914 680 2979; x_wconf 89' lang='lat' dir='ltr'>eis</span> <span class='ocrx_word' id='word_1_142' title='bbox 715 2934 844 2998; x_wconf 87' lang='lat' dir='ltr'>semper</span> <span class='ocrx_word' id='word_1_143' title='bbox 880 2913 1107 2998; x_wconf 89' lang='lat' dir='ltr'>patrocinatus</span> <span class='ocrx_word' id='word_1_144' title='bbox 1145 2921 1204 2997; x_wconf 90' lang='lat' dir='ltr'>est,</span> <span class='ocrx_word' id='word_1_145' title='bbox 1239 2923 1274 2982; x_wconf 91' lang='lat' dir='ltr'>et</span> <span class='ocrx_word' id='word_1_146' title='bbox 1307 2919 1443 2984; x_wconf 89' lang='lat' dir='ltr'>nuntios</span> 
     </span>
     <span class='ocr_line' id='line_1_22' title="bbox 389 3015 1442 3106; baseline 0.005 -24"><span class='ocrx_word' id='word_1_147' title='bbox 389 3019 563 3083; x_wconf 90' lang='lat' dir='ltr'>mitterent</span> <span class='ocrx_word' id='word_1_148' title='bbox 585 3017 628 3081; x_wconf 89' lang='lat' dir='ltr'>ad</span> <span class='ocrx_word' id='word_1_149' title='bbox 643 3036 775 3090; x_wconf 51' lang='lat' dir='ltr'>¹novum</span> <span class='ocrx_word' id='word_1_150' title='bbox 799 3036 917 3100; x_wconf 87' lang='lat' dir='ltr'>regem,</span> <span class='ocrx_word' id='word_1_151' title='bbox 945 3015 1003 3100; x_wconf 94' lang='lat' dir='ltr'>qui</span> <span class='ocrx_word' id='word_1_152' title='bbox 1021 3016 1261 3102; x_wconf 87' lang='lat' dir='ltr'>persuaderent</span> <span class='ocrx_word' id='word_1_153' title='bbox 1291 3020 1321 3085; x_wconf 89' lang='lat' dir='ltr'>ei</span> <span class='ocrx_word' id='word_1_154' title='bbox 1353 3022 1442 3106; x_wconf 94' lang='lat' dir='ltr'>quod</span> 
     </span>
     <span class='ocr_line' id='line_1_23' title="bbox 389 3117 1441 3209; baseline 0.001 -24"><span class='ocrx_word' id='word_1_155' title='bbox 389 3143 465 3186; x_wconf 91' lang='lat' dir='ltr'>eum</span> <span class='ocrx_word' id='word_1_156' title='bbox 489 3122 651 3206; x_wconf 87' lang='lat' dir='ltr'>deponere</span> <span class='ocrx_word' id='word_1_157' title='bbox 682 3117 856 3196; x_wconf 83' lang='lat' dir='ltr'>volumus3</span> <span class='ocrx_word' id='word_1_158' title='bbox 888 3138 963 3181; x_wconf 93' lang='lat' dir='ltr'>cum</span> <span class='ocrx_word' id='word_1_159' title='bbox 995 3138 1065 3196; x_wconf 89' lang='lat' dir='ltr'>nos,</span> <span class='ocrx_word' id='word_1_160' title='bbox 1099 3119 1171 3184; x_wconf 88' lang='lat' dir='ltr'>Deo</span> <span class='ocrx_word' id='word_1_161' title='bbox 1204 3125 1297 3199; x_wconf 88' lang='lat' dir='ltr'>teste,</span> <span class='ocrx_word' id='word_1_162' title='bbox 1321 3123 1350 3186; x_wconf 86' lang='lat' dir='ltr'>si</span> <span class='ocrx_word' id='word_1_163' title='bbox 1373 3123 1441 3209; x_wconf 88' lang='lat' dir='ltr'>ipse</span> 
     </span>
     <span class='ocr_line' id='line_1_24' title="bbox 389 3218 1441 3305; baseline 0.003 -18"><span class='ocrx_word' id='word_1_164' title='bbox 389 3222 532 3289; x_wconf 67' lang='lat' dir='ltr'>ecclesiia</span> <span class='ocrx_word' id='word_1_165' title='bbox 555 3218 641 3285; x_wconf 73' lang='lat' dir='ltr'>Deil</span> <span class='ocrx_word' id='word_1_166' title='bbox 664 3219 856 3305; x_wconf 87' lang='lat' dir='ltr'>profuturus</span> <span class='ocrx_word' id='word_1_167' title='bbox 879 3223 937 3297; x_wconf 88' lang='lat' dir='ltr'>est,</span> <span class='ocrx_word' id='word_1_168' title='bbox 954 3220 1125 3285; x_wconf 88' lang='lat' dir='ltr'>mallemus</span> <span class='ocrx_word' id='word_1_169' title='bbox 1156 3242 1232 3286; x_wconf 89' lang='lat' dir='ltr'>eum</span> <span class='ocrx_word' id='word_1_170' title='bbox 1254 3244 1322 3288; x_wconf 92' lang='lat' dir='ltr'>non</span> <span class='ocrx_word' id='word_1_171' title='bbox 1344 3225 1441 3290; x_wconf 91' lang='lat' dir='ltr'>modo</span> 
     </span>
     <span class='ocr_line' id='line_1_25' title="bbox 389 3321 1441 3412; baseline 0.003 -22"><span class='ocrx_word' id='word_1_172' title='bbox 389 3347 491 3390; x_wconf 91' lang='lat' dir='ltr'>unum</span> <span class='ocrx_word' id='word_1_173' title='bbox 528 3321 716 3409; x_wconf 69' lang='lat' dir='ltr'>[regnum]l</span> <span class='ocrx_word' id='word_1_174' title='bbox 753 3321 918 3406; x_wconf 90' lang='lat' dir='ltr'>possidere</span> <span class='ocrx_word' id='word_1_175' title='bbox 950 3321 1007 3386; x_wconf 89' lang='lat' dir='ltr'>scd</span> <span class='ocrx_word' id='word_1_176' title='bbox 1045 3322 1249 3408; x_wconf 88' lang='lat' dir='ltr'>amplissima</span> <span class='ocrx_word' id='word_1_177' title='bbox 1280 3332 1314 3392; x_wconf 90' lang='lat' dir='ltr'>et</span> <span class='ocrx_word' id='word_1_178' title='bbox 1345 3327 1441 3412; x_wconf 90' lang='lat' dir='ltr'>plura</span> 
     </span>
     <span class='ocr_line' id='line_1_26' title="bbox 219 3422 1442 3517; baseline 0.004 -27"><span class='ocrx_word' id='word_1_179' title='bbox 219 3451 291 3515; x_wconf 77' lang='lat' dir='ltr'>They</span> <span class='ocrx_word' id='word_1_180' title='bbox 303 3459 374 3517; x_wconf 76' lang='lat' dir='ltr'>goto</span> <span class='ocrx_word' id='word_1_181' title='bbox 388 3447 489 3513; x_wconf 86' lang='lat' dir='ltr'>regna</span> <span class='ocrx_word' id='word_1_182' title='bbox 527 3431 697 3490; x_wconf 86' lang='lat' dir='ltr'>terrarum.</span> <span class='ocrx_word' id='word_1_183' title='bbox 744 3422 855 3508; x_wconf 89' lang='lat' dir='ltr'>Hujus</span> <span class='ocrx_word' id='word_1_184' title='bbox 894 3444 972 3487; x_wconf 91' lang='lat' dir='ltr'>vero</span> <span class='ocrx_word' id='word_1_185' title='bbox 1004 3422 1177 3509; x_wconf 83' lang='lat' dir='ltr'>legationis</span> <span class='ocrx_word' id='word_1_186' title='bbox 1216 3427 1353 3514; x_wconf 82' lang='lat' dir='ltr'>signifer</span> <span class='ocrx_word' id='word_1_187' title='bbox 1390 3435 1442 3495; x_wconf 88' lang='lat' dir='ltr'>est</span> 
     </span>
     <span class='ocr_line' id='line_1_27' title="bbox 218 3519 1441 3634; baseline 0 -39"><span class='ocrx_word' id='word_1_188' title='bbox 218 3519 336 3634; x_wconf 51' lang='lat' dir='ltr'>theping</span> <span class='ocrx_word' id='word_1_189' title='bbox 388 3527 637 3594; x_wconf 89' lang='lat' dir='ltr'>archidiaconus</span> <span class='ocrx_word' id='word_1_190' title='bbox 659 3530 793 3605; x_wconf 82' lang='lat' dir='ltr'>noster3</span> <span class='ocrx_word' id='word_1_191' title='bbox 822 3545 899 3588; x_wconf 84' lang='lat' dir='ltr'>nam</span> <span class='ocrx_word' id='word_1_192' title='bbox 924 3524 1137 3591; x_wconf 87' lang='lat' dir='ltr'>Eboracensis</span> <span class='ocrx_word' id='word_1_193' title='bbox 1160 3532 1195 3592; x_wconf 87' lang='lat' dir='ltr'>et</span> <span class='ocrx_word' id='word_1_194' title='bbox 1218 3529 1284 3594; x_wconf 92' lang='lat' dir='ltr'>duo</span> <span class='ocrx_word' id='word_1_195' title='bbox 1311 3531 1441 3616; x_wconf 87' lang='lat' dir='ltr'>praefati</span> 
     </span>
     <span class='ocr_line' id='line_1_28' title="bbox 218 3600 1440 3718; baseline 0.001 -22"><span class='ocrx_word' id='word_1_196' title='bbox 218 3600 323 3718; x_wconf 38' lang='lat' dir='ltr'>irland}</span> <span class='ocrx_word' id='word_1_197' title='bbox 388 3629 531 3717; x_wconf 90' lang='lat' dir='ltr'>episcopi</span> <span class='ocrx_word' id='word_1_198' title='bbox 554 3629 653 3695; x_wconf 88' lang='lat' dir='ltr'>citius</span> <span class='ocrx_word' id='word_1_199' title='bbox 676 3625 1006 3703; x_wconf 82' lang='lat' dir='ltr'>transfretaverunt,⁸</span> <span class='ocrx_word' id='word_1_200' title='bbox 1037 3634 1077 3693; x_wconf 91' lang='lat' dir='ltr'>ut</span> <span class='ocrx_word' id='word_1_201' title='bbox 1101 3628 1201 3714; x_wconf 89' lang='lat' dir='ltr'>(quod</span> <span class='ocrx_word' id='word_1_202' title='bbox 1233 3630 1324 3697; x_wconf 89' lang='lat' dir='ltr'>Deus</span> <span class='ocrx_word' id='word_1_203' title='bbox 1347 3654 1440 3699; x_wconf 88' lang='lat' dir='ltr'>aver-</span> 
     </span>
     <span class='ocr_line' id='line_1_29' title="bbox 388 3728 1439 3817; baseline 0.002 -18"><span class='ocrx_word' id='word_1_204' title='bbox 388 3738 441 3799; x_wconf 90' lang='lat' dir='ltr'>tat</span> <span class='ocrx_word' id='word_1_205' title='bbox 455 3737 476 3817; x_wconf 79' lang='lat' dir='ltr'>l)</span> <span class='ocrx_word' id='word_1_206' title='bbox 499 3730 764 3798; x_wconf 87' lang='lat' dir='ltr'>circumveniant</span> <span class='ocrx_word' id='word_1_207' title='bbox 786 3728 958 3793; x_wconf 92' lang='lat' dir='ltr'>dominum</span> <span class='ocrx_word' id='word_1_208' title='bbox 973 3751 1092 3815; x_wconf 85' lang='lat' dir='ltr'>regem,</span> <span class='ocrx_word' id='word_1_209' title='bbox 1116 3735 1151 3795; x_wconf 90' lang='lat' dir='ltr'>et</span> <span class='ocrx_word' id='word_1_210' title='bbox 1166 3732 1324 3798; x_wconf 88' lang='lat' dir='ltr'>adversus</span> <span class='ocrx_word' id='word_1_211' title='bbox 1340 3736 1439 3801; x_wconf 87' lang='lat' dir='ltr'>eccle·</span> 
     </span>
     <span class='ocr_line' id='line_1_30' title="bbox 219 3830 1440 3914; baseline 0.001 -13"><span class='ocrx_word' id='word_1_212' title='bbox 219 3861 364 3912; x_wconf 70' lang='lat' dir='ltr'>schemm</span> <span class='ocrx_word' id='word_1_213' title='bbox 388 3835 472 3902; x_wconf 92' lang='lat' dir='ltr'>siam</span> <span class='ocrx_word' id='word_1_214' title='bbox 495 3834 691 3900; x_wconf 84' lang='lat' dir='ltr'>exacerbent</span> <span class='ocrx_word' id='word_1_215' title='bbox 713 3832 795 3897; x_wconf 89' lang='lat' dir='ltr'>iram</span> <span class='ocrx_word' id='word_1_216' title='bbox 829 3830 907 3914; x_wconf 90' lang='lat' dir='ltr'>ejus.</span> <span class='ocrx_word' id='word_1_217' title='bbox 955 3830 1118 3896; x_wconf 86' lang='lat' dir='ltr'>Fecerunt</span> <span class='ocrx_word' id='word_1_218' title='bbox 1149 3833 1288 3899; x_wconf 75' lang='lat' dir='ltr'>autem9</span> <span class='ocrx_word' id='word_1_219' title='bbox 1310 3838 1440 3903; x_wconf 85' lang='lat' dir='ltr'>evocari</span> 
     </span>
     <span class='ocr_line' id='line_1_31' title="bbox 217 3932 1440 4022; baseline 0.001 -18"><span class='ocrx_word' id='word_1_220' title='bbox 217 3935 347 3979; x_wconf 74' lang='lat' dir='ltr'>tovaunr</span> <span class='ocrx_word' id='word_1_221' title='bbox 387 3959 481 4004; x_wconf 86' lang='lat' dir='ltr'>senas</span> <span class='ocrx_word' id='word_1_222' title='bbox 519 3955 675 4022; x_wconf 79' lang='lat' dir='ltr'>personas</span> <span class='ocrx_word' id='word_1_223' title='bbox 720 3932 911 3999; x_wconf 81' lang='lat' dir='ltr'>vacantium</span> <span class='ocrx_word' id='word_1_224' title='bbox 957 3933 1173 4011; x_wconf 82' lang='lat' dir='ltr'>ecclesiarum,</span> <span class='ocrx_word' id='word_1_225' title='bbox 1219 3942 1259 4000; x_wconf 89' lang='lat' dir='ltr'>ut</span> <span class='ocrx_word' id='word_1_226' title='bbox 1303 3940 1440 4005; x_wconf 89' lang='lat' dir='ltr'>consilio</span> 
     </span>
     <span class='ocr_line' id='line_1_32' title="bbox 217 4008 1439 4125; baseline -0.001 -20"><span class='ocrx_word' id='word_1_227' title='bbox 217 4008 279 4044; x_wconf 50' lang='grc' dir='ltr'>Μ’</span> <span class='ocrx_word' id='word_1_228' title='bbox 386 4061 508 4116; x_wconf 89' lang='lat' dir='ltr'>eorum,</span> <span class='ocrx_word' id='word_1_229' title='bbox 532 4041 648 4102; x_wconf 89' lang='lat' dir='ltr'>contra</span> <span class='ocrx_word' id='word_1_230' title='bbox 682 4053 831 4109; x_wconf 78' lang='lat' dir='ltr'>canones,</span> <span class='ocrx_word' id='word_1_231' title='bbox 866 4052 975 4098; x_wconf 88' lang='lat' dir='ltr'>coram</span> <span class='ocrx_word' id='word_1_232' title='bbox 1010 4054 1096 4119; x_wconf 82' lang='lat' dir='ltr'>rege,</span> <span class='ocrx_word' id='word_1_233' title='bbox 1128 4034 1163 4098; x_wconf 92' lang='lat' dir='ltr'>in</span> <span class='ocrx_word' id='word_1_234' title='bbox 1196 4036 1305 4102; x_wconf 89' lang='lat' dir='ltr'>alieno</span> <span class='ocrx_word' id='word_1_235' title='bbox 1329 4060 1439 4125; x_wconf 85' lang='lat' dir='ltr'>regno,</span> 
     </span>
    </p>
   </div>
   <div class='ocr_carea' id='block_1_3' title="bbox 387 4206 1007 4220">
    <p class='ocr_par' dir='ltr' id='par_1_3' title="bbox 387 4206 1007 4220">
     <span class='ocr_line' id='line_1_33' title="bbox 387 4206 1007 4220; baseline -0.013 0"><span class='ocrx_word' id='word_1_236' title='bbox 387 4213 496 4220; x_wconf 70' lang='lat'>——---</span> <span class='ocrx_word' id='word_1_237' title='bbox 525 4212 586 4218; x_wconf 71' lang='lat'>--..-..</span> <span class='ocrx_word' id='word_1_238' title='bbox 638 4210 691 4215; x_wconf 83' lang='lat'><strong>-—--</strong></span> <span class='ocrx_word' id='word_1_239' title='bbox 927 4206 964 4212; x_wconf 84' lang='lat'>--</span> <span class='ocrx_word' id='word_1_240' title='bbox 975 4207 986 4211; x_wconf 90' lang='lat'><em>-</em></span> <span class='ocrx_word' id='word_1_241' title='bbox 1002 4207 1007 4212; x_wconf 85' lang='lat'><em>.</em></span> 
     </span>
    </p>
   </div>
   <div class='ocr_carea' id='block_1_4' title="bbox 383 4298 1437 4764">
    <p class='ocr_par' dir='ltr' id='par_1_4' title="bbox 383 4298 1437 4764">
     <span class='ocr_line' id='line_1_34' title="bbox 418 4298 1303 4372; baseline -0.002 -15"><span class='ocrx_word' id='word_1_242' title='bbox 418 4308 425 4340; x_wconf 92' lang='lat'>¹</span> <span class='ocrx_word' id='word_1_243' title='bbox 438 4309 619 4372; x_wconf 78' lang='lat' dir='ltr'>jurameutum,</span> <span class='ocrx_word' id='word_1_244' title='bbox 631 4304 666 4362; x_wconf 87' lang='lat' dir='ltr'>A,</span> <span class='ocrx_word' id='word_1_245' title='bbox 675 4302 706 4362; x_wconf 79' lang='lat' dir='ltr'>O,</span> <span class='ocrx_word' id='word_1_246' title='bbox 720 4302 752 4361; x_wconf 88' lang='lat'>0.</span> <span class='ocrx_word' id='word_1_247' title='bbox 765 4302 784 4351; x_wconf 88' lang='grc' dir='ltr'>Ζ</span> <span class='ocrx_word' id='word_1_248' title='bbox 792 4323 799 4362; x_wconf 75' lang='lat'>3</span> <span class='ocrx_word' id='word_1_249' title='bbox 810 4301 886 4365; x_wconf 84' lang='lat' dir='ltr'>jura·</span> <span class='ocrx_word' id='word_1_250' title='bbox 966 4298 976 4332; x_wconf 85' lang='lat'><strong>⁶</strong></span> <span class='ocrx_word' id='word_1_251' title='bbox 996 4299 1057 4360; x_wconf 86' lang='lat' dir='ltr'>Dei,</span> <span class='ocrx_word' id='word_1_252' title='bbox 1069 4302 1105 4365; x_wconf 79' lang='lat' dir='ltr'>A,</span> <span class='ocrx_word' id='word_1_253' title='bbox 1114 4301 1145 4362; x_wconf 85' lang='lat' dir='ltr'>C,</span> <span class='ocrx_word' id='word_1_254' title='bbox 1156 4301 1193 4364; x_wconf 75' lang='lat' dir='ltr'>Z,</span> <span class='ocrx_word' id='word_1_255' title='bbox 1211 4319 1260 4354; x_wconf 88' lang='lat' dir='ltr'>om.</span> <span class='ocrx_word' id='word_1_256' title='bbox 1273 4304 1303 4355; x_wconf 79' lang='lat' dir='ltr'>L.</span> 
     </span>
     <span class='ocr_line' id='line_1_35' title="bbox 383 4377 1252 4445; baseline -0.008 -8"><span class='ocrx_word' id='word_1_257' title='bbox 383 4395 471 4445; x_wconf 82' lang='lat' dir='ltr'>menta,</span> <span class='ocrx_word' id='word_1_258' title='bbox 482 4387 512 4436; x_wconf 89' lang='lat' dir='ltr'>L.</span> <span class='ocrx_word' id='word_1_259' title='bbox 700 4379 703 4385; x_wconf 77' lang='grc'><strong>’</strong></span> <span class='ocrx_word' id='word_1_260' title='bbox 964 4377 975 4416; x_wconf 77' lang='grc'><strong><em>7</em></strong></span> <span class='ocrx_word' id='word_1_261' title='bbox 993 4394 1102 4444; x_wconf 62' lang='lat' dir='ltr'>reprom,</span> <span class='ocrx_word' id='word_1_262' title='bbox 1114 4395 1164 4431; x_wconf 87' lang='lat' dir='ltr'>om.</span> <span class='ocrx_word' id='word_1_263' title='bbox 1175 4382 1212 4442; x_wconf 84' lang='lat' dir='ltr'>A,</span> <span class='ocrx_word' id='word_1_264' title='bbox 1224 4382 1252 4432; x_wconf 89' lang='lat' dir='ltr'>Z.</span> 
     </span>
     <span class='ocr_line' id='line_1_36' title="bbox 416 4456 1437 4526; baseline 0.003 -20"><span class='ocrx_word' id='word_1_265' title='bbox 416 4466 427 4498; x_wconf 57' lang='grc' dir='ltr'><strong><em>ἲ</em></strong></span> <span class='ocrx_word' id='word_1_266' title='bbox 443 4481 495 4526; x_wconf 62' lang='lat' dir='ltr'>voa,</span> <span class='ocrx_word' id='word_1_267' title='bbox 508 4466 550 4524; x_wconf 73' lang='lat' dir='ltr'>A3</span> <span class='ocrx_word' id='word_1_268' title='bbox 567 4463 664 4522; x_wconf 46' lang='lat' dir='ltr'>nond„</span> <span class='ocrx_word' id='word_1_269' title='bbox 965 4456 975 4488; x_wconf 63' lang='grc' dir='ltr'>Β</span> <span class='ocrx_word' id='word_1_270' title='bbox 994 4460 1235 4522; x_wconf 61' lang='lat' dir='ltr'>lrssmsrelalmwll,</span> <span class='ocrx_word' id='word_1_271' title='bbox 1268 4460 1298 4522; x_wconf 77' lang='lat' dir='ltr'>c,</span> <span class='ocrx_word' id='word_1_272' title='bbox 1330 4463 1364 4525; x_wconf 70' lang='grc' dir='ltr'>Α,</span> <span class='ocrx_word' id='word_1_273' title='bbox 1395 4467 1437 4526; x_wconf 74' lang='grc' dir='ltr'>Ο;</span> 
     </span>
     <span class='ocr_line' id='line_1_37' title="bbox 415 4537 1185 4602; baseline -0.01 -7"><span class='ocrx_word' id='word_1_274' title='bbox 415 4543 427 4577; x_wconf 77' lang='lat'>⁸</span> <span class='ocrx_word' id='word_1_275' title='bbox 443 4550 593 4602; x_wconf 61' lang='lat' dir='ltr'>maneant,</span> <span class='ocrx_word' id='word_1_276' title='bbox 603 4543 633 4592; x_wconf 86' lang='lat' dir='ltr'>L.</span> <span class='ocrx_word' id='word_1_277' title='bbox 932 4537 1143 4600; x_wconf 76' lang='lat' dir='ltr'>transfretarunt,</span> <span class='ocrx_word' id='word_1_278' title='bbox 1155 4539 1185 4589; x_wconf 86' lang='lat' dir='ltr'>L.</span> 
     </span>
     <span class='ocr_line' id='line_1_38' title="bbox 415 4616 1185 4680; baseline -0.006 -8"><span class='ocrx_word' id='word_1_279' title='bbox 415 4627 427 4659; x_wconf 83' lang='lat'><strong>⁴</strong></span> <span class='ocrx_word' id='word_1_280' title='bbox 444 4625 577 4680; x_wconf 74' lang='lat' dir='ltr'>rationem,</span> <span class='ocrx_word' id='word_1_281' title='bbox 588 4620 620 4672; x_wconf 80' lang='grc'>0.</span> <span class='ocrx_word' id='word_1_282' title='bbox 964 4616 974 4647; x_wconf 83' lang='lat'><strong>⁹</strong></span> <span class='ocrx_word' id='word_1_283' title='bbox 992 4621 1081 4677; x_wconf 83' lang='lat' dir='ltr'>autem,</span> <span class='ocrx_word' id='word_1_284' title='bbox 1093 4631 1142 4666; x_wconf 90' lang='lat' dir='ltr'>om.</span> <span class='ocrx_word' id='word_1_285' title='bbox 1155 4617 1185 4669; x_wconf 77' lang='lat' dir='ltr'>(l.</span> 
     </span>
     <span class='ocr_line' id='line_1_39' title="bbox 415 4699 581 4764; baseline -0.018 -12"><span class='ocrx_word' id='word_1_286' title='bbox 415 4705 426 4738; x_wconf 77' lang='lat'>⁶</span> <span class='ocrx_word' id='word_1_287' title='bbox 445 4710 478 4764; x_wconf 81' lang='lat' dir='ltr'>rt,</span> <span class='ocrx_word' id='word_1_288' title='bbox 489 4717 539 4751; x_wconf 90' lang='lat' dir='ltr'>om.</span> <span class='ocrx_word' id='word_1_289' title='bbox 552 4699 581 4750; x_wconf 82' lang='lat' dir='ltr'>C.</span> 
     </span>
    </p>
   </div>
   <div class='ocr_carea' id='block_1_5' title="bbox 0 0 1644 5662">
    <p class='ocr_par' dir='ltr' id='par_1_5' title="bbox 0 0 1644 5662">
     <span class='ocr_line' id='line_1_40' title="bbox 0 0 1644 5662; baseline 0 1"><span class='ocrx_word' id='word_1_290' title='bbox 0 0 1644 5662; x_wconf 95' lang='lat' dir='ltr'> </span> 
     </span>
    </p>
   </div>
  </div>
 </body>
</html>
