3278 5662
230 786 300 837 11.
319 772 430 858 uss]
674 787 852 838 1111111111.
1223 776 1284 838 581

229 976 309 1037 tutis
334 975 466 1039 valeant
489 975 668 1059 pervenire.
716 974 769 1038 Ad
801 974 879 1053 baec,
915 975 994 1060 quia
1029 977 1176 1061 undique
1211 976 1283 1061 pul-

229 1096 340 1139 samur
371 1080 405 1140 ct
438 1076 589 1162 plurimis
621 1097 782 1142 vexamur
813 1077 984 1162 angustiis,
1016 1078 1283 1163 praecipuumque

228 1176 271 1240 ad
303 1184 447 1243 vestram
479 1179 714 1264 paternitatem
749 1198 918 1264 speramus
951 1198 1011 1244 nos
1043 1178 1164 1245 habere
1196 1181 1282 1245 refu-

227 1279 328 1364 gium,
351 1279 471 1345 idcirco
491 1282 642 1366 'priorem
674 1285 822 1346 nostrum
854 1280 897 1345 11
920 1286 1063 1345 vestram
1095 1282 1280 1369 benignita-

228 1385 294 1445 tem
330 1382 526 1466 quantocius
564 1383 635 1448 Deo
674 1388 807 1449 auctore
842 1383 1090 1459 destinabimus,
1125 1385 1280 1449 obnixius

227 1487 449 1571 supplicantes
481 1494 644 1574 quatenus
679 1490 715 1552 in
747 1489 798 1552 his
830 1510 904 1574 quse
936 1490 1005 1574 ipse
1036 1511 1077 1554 cx
1101 1512 1160 1555 sua
1186 1497 1280 1575 parte

227 1593 261 1653 ct
282 1595 395 1653 nostra
418 1589 512 1654 vobis
536 1590 741 1677 suggesserit,
763 1597 873 1656 vestra
896 1590 979 1655 velit
1001 1591 1107 1676 pietas
1130 1592 1278 1678 benigni-

226 1711 316 1753 orem
343 1712 455 1756 aurem
487 1693 652 1758 inclinare.
715 1692 760 1756 Et
790 1713 850 1777 pro
883 1698 980 1768 certa,
1003 1694 1032 1757 si
1056 1693 1092 1756 in
1121 1692 1173 1757 his
1198 1701 1278 1759 tcm-

226 1792 360 1876 poribus
391 1794 453 1858 sub
476 1799 587 1857 vestre
617 1798 780 1878 potestate
811 1813 966 1879 cogamur
989 1815 1046 1879 per
1069 1816 1279 1880 quoscunque

225 1892 404 1970 humiliari,
427 1893 489 1970 his,
515 1894 571 1978 qui
595 1895 696 1959 etiam
720 1895 808 1961 bona
830 1896 963 1962 sinistre
995 1899 1102 1962 solent
1117 1898 1278 1983 interpre-

227 1996 300 2075 tari,
325 1995 460 2060 dabitur
483 1996 628 2081 apertior
650 1996 745 2061 nobis
769 1997 952 2062 irmultandi
977 1998 1108 2063 occasio.
1155 1998 1220 2063 Sed
1244 2013 1278 2065 11

225 2097 283 2181 qui
307 2095 418 2182 Capiti
449 2102 561 2161 nostro
584 2098 748 2182 congessit
770 2098 992 2173 contumelias,
1017 2099 1081 2162 nisi
1113 2100 1278 2166 invenerit

225 2198 415 2264 obviantem
447 2220 468 2262 1
490 2199 623 2264 laesione
646 2201 865 2266 membrorum
888 2222 956 2265 non
980 2201 1123 2267 dcsistot.
1171 2202 1276 2267 Modi-

224 2321 298 2364 cum
322 2300 454 2385 quidem
478 2322 536 2365 vos
560 2300 701 2366 honorat
723 2303 780 2386 qui
803 2323 862 2367 nos
890 2304 1024 2387 spcmit,
1048 2303 1113 2367 nisi
1136 2304 1220 2368 forto
1243 2312 1278 2369 et

223 2403 259 2465 in
293 2402 353 2467 hoc
375 2402 550 2468 crediderit
583 2426 618 2467 se
651 2405 725 2488 quis
758 2405 852 2469 vobis
883 2412 1040 2490 praestare
1074 2405 1274 2490 obsequium.

224 2503 268 2567 Et
302 2504 414 2588 procul
449 2503 560 2580 dubio,
593 2510 632 2567 ut
664 2504 834 2582 credimus,
866 2507 1060 2571 reverentiae
1092 2514 1211 2572 vostrrc
1242 2516 1276 2573 ct

222 2605 388 2670 honestati
411 2625 478 2670 non
501 2604 666 2670 modicum
691 2606 844 2683 conferet,
860 2607 888 2669 si
914 2606 1097 2672 manifestis
1119 2618 1276 2693 appareat

221 2707 352 2773 indiciis
386 2706 474 2792 quod
496 2706 621 2792 injuria
643 2706 720 2771 filiis
752 2706 845 2772 illata
875 2709 963 2794 patri
995 2709 1129 2773 omnino
1160 2708 1275 2797 displi-

221 2816 301 2877 ceat.
348 2808 471 2875 Valete.

554 3037 919 3054 unm—¹

671 3177 829 3248 DCOOV.

242 3348 388 3414 Ausum
410 3362 514 3413 11111
537 3346 818 3413 Gaurumrmrsrs
840 3359 888 3409 sn
912 3343 1108 3411 Hnuurcuu
1130 3358 1254 3411 111111.

455 3509 524 3573 (ua.
538 3509 652 3569 cocos
672 3511 703 3561 o.
719 3514 765 3568 u,
783 3509 948 3570 1111111.
962 3508 1053 3571 oues.)

265 3655 408 3722 Henrioo
431 3654 500 3740 regi
522 3652 705 3739 Anglorum
726 3652 854 3717 Alanus
876 3653 965 3738 prior
985 3653 1126 3719 ecclesiae
1143 3652 1269 3720 Christi

221 3757 411 3825 0111111111
433 3755 583 3821 salutem.

266 3860 399 3942 Quanto
415 3858 576 3924 desiderio
598 3857 769 3923 nobiscum
792 3857 966 3922 universus
988 3858 1152 3925 desiderat
1175 3860 1270 3937 orbis,
1283 3885 1384 3951 Urging

220 3968 259 4028 ut
282 3983 399 4047 corpus
425 3960 514 4026 boati
546 3959 703 4043 martyris
726 3957 860 4023 Thomae
891 3958 1070 4024 decentiori
1102 3960 1172 4026 loco
1196 3982 1270 4027 curn
1282 3951 1423 4070 ffi‘goffffl·

221 4066 333 4131 debito
355 4063 478 4128 honore
501 4060 687 4138 collocetur,
710 4060 811 4126 etiam
842 4059 991 4125 barbarae
1022 4060 1173 4125 nationes
1203 4082 1271 4126 non
1363 4055 1368 4068 ’

220 4167 379 4252 ignorant.
427 4164 633 4228 Pnematura
647 4182 727 4227 vero
748 4181 835 4227 mors
850 4161 1016 4246 quondam
1040 4162 1144 4246 patris
1166 4166 1270 4228 nostri

219 4267 352 4333 Ricardi
388 4265 423 4329 id
455 4265 564 4350 ipsum
596 4262 773 4349 impedivit
803 4262 848 4328 ad
880 4268 1019 4347 tempus,
1043 4264 1183 4328 eumad
1210 4264 1271 4331 hoc

218 4370 345 4458 pridem
362 4373 506 4433 vestram
530 4366 766 4453 promptiorem
790 4364 1030 4430 invenissemus
1054 4365 1269 4432 voluntatem.

218 4473 317 4536 Nunc
348 4474 461 4535 autem
493 4490 551 4554 per
574 4466 637 4533 Dei
668 4466 810 4553 gratiam
843 4470 960 4550 parata
985 4471 1065 4529 sunt
1088 4486 1127 4532 ea
1150 4468 1270 4552 quibus

216 4596 268 4639 res
290 4573 361 4658 ipsa
387 4570 564 4637 videbatur
587 4569 730 4634 maxima
754 4567 911 4654 indigere,
933 4567 961 4631 si
986 4573 1098 4632 tamen
1121 4568 1156 4633 id
1178 4571 1269 4636 sede·

216 4676 262 4745 rit
284 4679 395 4740 vestro
425 4670 639 4770 beneplacito,
663 4676 702 4734 ut
729 4668 991 4761 sequentianno
1015 4669 1101 4736 circa
1123 4671 1268 4741 medium
