3278 5662
344 786 408 850 202
779 799 964 850 arrsroun.
1200 787 1282 871 [an.
1300 789 1397 857 1170.

345 987 646 1055 excommunicatos
661 987 770 1066 vitari,
786 989 889 1056 donec
903 987 1016 1055 ablata
1038 989 1227 1067 restituant,
1241 990 1399 1076 injuriam

345 1090 451 1176 passis
482 1088 647 1177 congrue¹
679 1089 896 1168 satisfaciant,
927 1094 963 1155 et
999 1089 1042 1155 ad
1071 1110 1133 1155 nos
1165 1111 1241 1157 oum
1278 1091 1399 1158 vestris

350 1191 472 1257 litteris
506 1190 711 1259 satisfacturi
734 1191 901 1258 accedent.
947 1190 1037 1256 Illud
1068 1212 1196 1277 quoque
1218 1192 1289 1279 regi
1322 1193 1399 1258 dili·

178 1293 284 1409 orgum
344 1293 478 1381 gentius
501 1293 674 1371 intimetis,
698 1293 786 1379 quod
805 1292 875 1378 jam
891 1291 999 1360 dictus
1022 1293 1202 1360 Gratianus
1216 1315 1285 1361 non
1306 1294 1399 1360 aliud

175 1375 277 1477 ddvian.
347 1415 446 1481 quam
480 1395 567 1473 fecit,
600 1395 692 1461 salvo
729 1395 887 1461 mandato
923 1399 1045 1473 nostru,
1084 1395 1189 1461 facere
1226 1395 1399 1482 potuisset.

355 1496 502 1576 Quodsi
536 1501 742 1576 attentasset,
766 1517 826 1562 nos
849 1495 884 1561 id
906 1495 1021 1580 procul
1051 1496 1153 1562 dubio
1183 1496 1398 1563 irritaremus.

355 1599 392 1665 Si
416 1598 490 1683 quis
513 1603 625 1664 autem
649 1599 737 1683 quod
759 1598 830 1684 ipse
852 1597 907 1663 vel
930 1598 1000 1683 ejus
1022 1597 1129 1664 socius
1151 1596 1266 1664 aliud*
1283 1619 1397 1666 secun·

355 1702 435 1766 dum
468 1701 662 1768 mandatum
696 1705 846 1766 nostrum
878 1699 1040 1785 potuisset
1072 1698 1194 1777 fecisse,
1228 1700 1297 1787 regi
1323 1720 1398 1787 pro-

348 1801 483 1889 posuit,8
527 1801 582 1869 ei⁴
626 1824 742 1867 verum
798 1822 1006 1888 nequaquam
1054 1801 1226 1889 suggessit.
1271 1802 1396 1869 Datum

347 1905 534 1972 Beneventi
557 1906 683 1973 decimo
706 1911 825 1990 quarto
847 1903 1009 1970 kalendas
1031 1903 1210 1970 Februarii.

774 2317 959 2384 DOXXJV.

388 2467 727 2534 nannetensium
750 2468 918 2534 Roraono
941 2468 1218 2534 Rornomemsr
1239 2481 1362 2536 auom-

776 2587 946 2637 rrrsooro.

508 2722 556 2785 (A.
567 2725 600 2773 48
611 2743 618 2781 ;
630 2722 662 2773 Ο.
673 2720 698 2773 ii.
709 2727 759 2783 423
777 2723 806 2772 Z.
818 2736 842 2770 v.
855 2727 888 2783 23
905 2720 970 2786 Lup.
979 2736 1003 2770 v.
1015 2724 1047 2784 t,
1058 2721 1234 2787 ¹Themi-52.)

171 2854 211 2905 011
224 2854 265 2931 nis
396 2848 561 2931 Quoniam
597 2848 637 2913 de
675 2868 814 2934 persona
846 2853 914 2928 tua,
936 2869 1005 2934 prae
1038 2848 1165 2916 caeteris
1198 2849 1396 2935 coepiscopis

171 2927 287 3036 {iffi
348 2952 415 3018 tuis
438 2955 473 3018 et
494 2950 570 3018 aliis
600 2951 748 3037 personis
771 2950 995 3017 ecclesiasticis
1019 2972 1093 3037 quae
1123 2951 1159 3015 in
1193 2956 1282 3018 terra
1304 2952 1396 3019 illus-

172 3052 287 3128 commic-
342 3054 402 3120 tris
448 3054 631 3142 Anglorum
664 3052 750 3138 regis
787 3045 982 3131 consistunt,
1013 3052 1212 3139 specialem⁵
1240 3053 1395 3122 fiduciam

171 3133 260 3169 saner,
345 3155 552 3235 obtinemus3
576 3162 610 3221 et
643 3161 677 3220 te
708 3153 804 3219 nobis
826 3157 859 3218 et
883 3151 1037 3219 Ecclesiae
1059 3152 1217 3219 Romanae
1247 3154 1397 3222 sinceris·
1480 3235 1484 3245 ¹

344 3258 428 3325 sima
465 3255 641 3324 novimus⁶
673 3255 849 3321 devotione
886 3254 1090 3332 adstrictum,
1123 3253 1187 3318 tibi
1224 3256 1394 3340 negotium

348 3359 546 3425 venerabilis
577 3358 690 3423 fratris
724 3356 829 3423 nostri
852 3353 987 3422 Thomas
1010 3353 1258 3421 Cantuariensis
1288 3357 1393 3421 arehi-

357 3460 509 3547 episcopi,
541 3460 581 3524 de
613 3480 691 3546 pace
715 3465 750 3524 et
780 3456 1043 3526 reconsiliatione
1064 3477 1133 3537 sua,
1172 3456 1394 3523 commisimus

347 3562 600 3648 exsequendum.
648 3561 731 3626 Inde
768 3560 930 3646 siquidem
968 3563 1026 3638 est
1064 3557 1153 3644 quod
1189 3556 1394 3627 fraternitati

344 3670 411 3729 tuae
449 3685 508 3750 per
544 3663 724 3750 apostolica
761 3662 884 3748 scripta
927 3659 1147 3748 praeoipiendo
1191 3660 1394 3742 mandamus

347 3764 496 3833 necn0n⁷
531 3772 565 3832 et
598 3767 634 3830 in
656 3766 784 3831 virtute
818 3763 1015 3831 obedientiae
1046 3762 1261 3850 injungimus,
1283 3769 1398 3851 quate-

338 3865 426 3932 nus⁸
449 3869 486 3932 in
508 3869 699 3954 praescripto
722 3865 855 3953 negotio
877 3862 949 3931 ita⁹
977 3869 1012 3930 te
1035 3868 1240 3932 constantem
1264 3870 1299 3931 et
1321 3867 1395 3932 dili·

347 3974 489 4057 gentem,
512 3970 602 4035 omni
624 3970 742 4036 timore
775 3973 810 4033 et
832 3966 1040 4033 dubitatione
1073 3970 1209 4044 remota,
1233 3967 1397 4052 exhibeas,

349 4072 436 4157 quod
460 4071 618 4158 praefatus
644 4094 703 4137 rex
737 4067 958 4158 pontificalem
982 4067 1018 4130 in
1044 4071 1078 4132 te
1101 4068 1330 4135 maturitatem
1364 4076 1396 4135 et

374 4300 382 4330 ¹
400 4300 526 4362 ceradique,
547 4302 575 4360 Z,
594 4299 656 4350 with
673 4313 782 4363 couqrue
801 4298 840 4347 in·
926 4296 936 4327 ⁵
953 4295 1121 4360 spiritualem,
1134 4297 1175 4357 0,
1193 4312 1258 4349 corr.
1275 4304 1301 4348 to
1317 4299 1396 4364 speci-

336 4381 392 4429 terl.
889 4374 960 4437 olem,
973 4374 1007 4424 A.
1249 4382 1255 4387 ·

374 4483 384 4514 a
402 4500 484 4546 qaam,
496 4481 543 4532 ins.
555 4484 595 4545 L;
613 4499 661 4533 om¹
674 4483 709 4545 A,
722 4482 754 4543 0,
767 4483 794 4531 z,
923 4452 935 4570 ζ
951 4468 1107 4516 asuescimus,
1118 4453 1153 4503 V.

952 4548 1054 4594 necnon,
1065 4547 1115 4585 om.
1128 4533 1157 4585 Ζ.

373 4588 384 4621 ³
399 4588 578 4655 proposuisset,
591 4588 620 4636 L.
923 4611 934 4645 g
952 4611 1026 4676 quod,
1039 4610 1070 4663 0⁸

371 4697 381 4731 ⁴
399 4698 431 4757 ei,
443 4695 479 4758 A,
490 4694 529 4755 05
547 4708 596 4745 om.
608 4694 638 4744 L.
923 4689 934 4722 ⁹
951 4693 997 4754 ita,
1008 4706 1058 4742 om.
1070 4690 1105 4742 A.
