3278 5662
362 831 427 891 388
801 842 977 892 sersrenn
1217 829 1298 912 [aa.
1317 829 1421 895 1170.

361 1032 575 1117 ampliorcm;
607 1031 686 1116 quia
720 1037 844 1116 quanto
881 1031 936 1095 ille
959 1032 1129 1117 potentior
1151 1037 1186 1097 et
1207 1032 1349 1097 ferocior
1365 1039 1419 1098 est

363 1140 458 1198 tanto
480 1134 524 1199 ad
549 1135 656 1219 ipsum
687 1133 899 1199 vinciendum
923 1140 959 1198 et
992 1133 1248 1218 reprimendum,
1270 1135 1418 1199 arctiora

363 1237 498 1301 vincula
520 1237 626 1321 magis
648 1235 830 1300 neccssaria
852 1242 933 1299 sunt
956 1242 990 1300 et
1011 1237 1126 1300 durim
1139 1236 1286 1302 baculus.
1326 1237 1416 1301 Prae-

364 1344 454 1401 terea
494 1338 574 1423 quia
612 1337 860 1402 turbationibus
898 1337 1088 1421 hujusmodi
1126 1339 1339 1402 seminarium
1380 1344 1416 1402 et

365 1439 466 1504 fomes
489 1441 632 1515 exstitit,
664 1437 752 1523 quod
787 1438 1004 1503 Eboracensis
1035 1439 1172 1504 ecclesia
1204 1440 1302 1503 matri
1335 1461 1413 1514 suas,

195 1553 301 1603 canter·
364 1549 486 1607 sanctae
521 1542 754 1607 Cantuariensi
800 1541 952 1616 ccclesiae,
975 1542 1146 1606 subtraxit
1182 1542 1414 1616 obedientiam,

196 1622 321 1736 fflffld
363 1645 593 1730 redintegrate,
625 1645 653 1707 si
687 1643 806 1728 placet,
839 1643 982 1707 ecclesiae
1014 1643 1206 1728 Anglicanae
1240 1643 1415 1717 unitatem,

364 1746 585 1831 praecipiendo
608 1745 794 1830 quatenus,¹
820 1745 910 1809 omni
933 1744 1156 1829 appellatione
1189 1751 1224 1809 et
1246 1744 1413 1809 occasione

363 1853 496 1925 remota,
537 1848 749 1913 Eboracensis
786 1847 1049 1932 archiepiscopus
1096 1854 1131 1911 et
1172 1847 1306 1912 eeclesia
1352 1867 1413 1908 sua

362 1950 469 2013 nostri
507 1951 577 2034 juri
611 1949 774 2034 primatus
806 1947 957 2025 obediat3
995 1948 1091 2032 quod,
1135 1950 1163 2012 si
1208 1949 1412 2013 decessorum

363 2058 547 2115 vestrorum
571 2052 713 2137 vestigia
734 2050 906 2114 volueritis
940 2050 1076 2126 imitari,
1099 2050 1204 2135 liquet
1226 2050 1412 2114 faciendum

363 2172 442 2228 esse,
464 2151 623 2237 regestis²
655 2173 769 2218 eorum
791 2151 969 2237 diligenter
991 2153 1156 2236 inspectis
1202 2151 1319 2236 Neque
1350 2150 1412 2214 hoc

363 2257 467 2341 (quod
489 2256 580 2320 Deus
615 2256 724 2338 novit)
747 2256 926 2340 quaerimus
949 2254 990 2318 ad
1014 2254 1153 2345 gloriam
1175 2262 1331 2330 nostram,
1354 2254 1411 2337 qui

363 2359 492 2423 utinam
530 2358 692 2443 pastorale
724 2379 789 2421 non
823 2357 1076 2441 suscepissemus
1109 2356 1260 2432 officium,
1298 2353 1413 2441 procul

363 2460 464 2525 dubio
497 2466 602 2524 morte
634 2465 759 2524 aeterna
790 2463 851 2524 aut
884 2458 1034 2544 plurimis
1074 2458 1209 2543 plenum
1241 2459 1413 2543 angustiis,

362 2565 419 2628 sed
435 2569 483 2638 ut,
499 2563 534 2626 in
557 2561 673 2627 diebus
688 2561 807 2625 vestris
830 2567 865 2625 et
887 2560 1018 2636 nostris,
1033 2559 1224 2644 frequenter
1246 2582 1412 2645 emergen-

363 2665 448 2730 tium
483 2660 722 2729 schismaturu³
753 2661 953 2747 praecidatur
986 2661 1120 2736 occasi0,
1154 2666 1189 2726 ct
1218 2662 1412 2747 Anglicanae

362 2765 504 2831 ecclcsiae
528 2770 695 2850 perpetua,
717 2769 828 2828 vestro
852 2761 1017 2840 beneficio,
1031 2783 1097 2847 pax
1120 2762 1284 2827 reddatur.
1331 2763 1412 2828 Haeo

362 2869 457 2933 vobis
479 2868 628 2942 dicimus,
650 2887 760 2932 coram
783 2865 841 2930 illo
864 2865 921 2949 qui
944 2865 1115 2948 utriusque
1138 2871 1286 2930 nostrum
1306 2866 1410 2950 judex

362 2976 420 3046 est,
444 2978 478 3034 et
500 2968 552 3034 cui
577 2979 727 3033 tenemur
749 2968 790 3031 de
813 2967 965 3031 omnibus
987 2967 1121 3030 reddere
1143 2967 1313 3033 rationem.
1351 2968 1412 3032 Illa

363 3073 457 3137 vobis
480 3071 619 3156 inspiret
642 3076 676 3134 et
699 3070 815 3135 doceat
838 3069 918 3153 qnid
935 3069 1104 3153 potissime
1126 3069 1231 3133 facere
1255 3070 1410 3134 debeatis.

362 3174 513 3239 Audistis
536 3194 673 3257 agonem
697 3176 856 3247 nostrum,
879 3170 945 3247 sed,
970 3177 1008 3235 nt
1030 3176 1215 3235 nostratum
1238 3173 1412 3256 proverbio

363 3278 426 3342 dici
477 3275 580 3339 solet:
620 3272 745 3338 “Solus
783 3272 838 3337 ille
883 3273 935 3336 cui
978 3272 1144 3337 vicinatur
1181 3273 1267 3357 ignis
1308 3275 1412 3338 sentit

362 3377 537 3444 ardorem.”
585 3375 758 3441 Credimus
781 3396 841 3439 uos
872 3375 907 3437 in
938 3373 1095 3458 Angliam
1119 3375 1329 3459 profecturos,
1368 3377 1409 3440 ad

363 3503 476 3568 pacem
499 3501 543 3544 au
565 3479 608 3543 ad
632 3499 764 3563 poenam
788 3477 884 3542 nobis
906 3477 1068 3540 incertum
1093 3483 1150 3552 est,
1174 3477 1230 3540 sed
1247 3478 1411 3542 divinitus

363 3583 551 3647 ordinatum
599 3601 674 3665 quae
717 3600 786 3642 sors
839 3599 898 3642 nos
931 3584 1109 3662 exceptura
1153 3579 1206 3641 sit.
1268 3579 1411 3664 Ideoque

361 3685 556 3772 paternitati
572 3689 690 3748 vestrae
706 3681 971 3746 commendamus
986 3681 1112 3744 animas
1134 3687 1272 3758 nostras,
1287 3685 1411 3767 gratias

361 3794 494 3873 agentes
520 3786 612 3850 vobis
639 3791 673 3849 et
704 3783 893 3868 apostolicae
925 3783 995 3845 sedi
1027 3805 1126 3868 super
1160 3784 1312 3848 omnibus
1335 3806 1409 3850 con-

361 3886 577 3952 solatienibus
592 3907 674 3970 quas
689 3885 785 3948 nobis
801 3890 836 3949 et
858 3884 987 3960 nostris,
1006 3883 1041 3945 in
1064 3884 1192 3948 tantm⁴
1205 3886 1410 3950 necessitatis

192 3998 249 4048 The
361 3990 509 4064 articulo.
541 3986 754 4051 ministravit.
801 3986 975 4060 Praeterea,
998 3986 1158 4050 noveritis
1183 3987 1411 4052 indubitanter

193 4065 326 4181 {5:¹2fo
360 4092 448 4179 quod
472 4090 669 4155 venerabilis
690 4088 790 4152 frater
813 4095 924 4153 noster
947 4088 1196 4154 Bartholomeus
1216 4090 1410 4155 Exonieusis

360 4196 531 4281 episcopus
554 4217 574 4256 a
596 4191 692 4277 culpa
706 4197 917 4276 praesumptis
932 4192 1152 4256 coronationis
1170 4192 1326 4256 immunis
1348 4199 1408 4267 est,

359 4309 394 4364 et
416 4297 479 4361 sub
501 4296 563 4361 hac
594 4298 789 4380 tempestate
820 4294 863 4358 ab
885 4294 1081 4359 adversariis
1104 4294 1254 4372 ecclesia,
1277 4302 1410 4382 propter

615 4472 645 4479 η.
653 4473 660 4479 ι
672 4473 868 4480 ..κ-ω...-
880 4474 905 4478 -
916 4471 1050 4479 -—--——--

392 4589 399 4620 ¹
417 4604 478 4652 qua,
490 4588 524 4637 Α.
936 4585 947 4617 ³
963 4585 1109 4646 scismatum,
1126 4585 1161 4647 A,
1178 4585 1210 4647 0,
1227 4587 1266 4642 Z,-
1283 4587 1407 4637 scismati-

390 4666 401 4698 2
418 4667 539 4730 registris,
552 4665 580 4714 t.
903 4682 964 4726 eum,
975 4665 1018 4722 V;
1036 4665 1254 4725 schismaticarum,
1267 4665 1298 4715 L.

880 4768 882 4790 ι
935 4743 945 4775 ⁴
963 4745 1078 4809 laaretz
1088 4766 1094 4803 ;
1105 4744 1238 4809 1ιιιιιίο,[’ῙιΙ
