3278 5662
352 786 418 851 430
804 799 984 850 urrsrourr.
1209 787 1290 870 [no.
1305 784 1403 854 1171.

350 982 488 1050 adverso
525 987 633 1053 relatu
676 989 874 1076 acceperitis,
917 990 1004 1074 quod
1043 988 1135 1067 mihi,
1173 990 1216 1055 ab
1254 989 1306 1053 his
1344 986 1401 1072 qni

348 1085 575 1166 interfuerant,
598 1088 746 1155 innotuit
769 1090 899 1167 certius,
914 1089 1044 1155 fidelius
1066 1090 1195 1167 intimo,
1218 1095 1252 1155 et
1275 1086 1400 1176 patrati

348 1188 476 1254 sceleris
499 1191 646 1256 ordinem
669 1193 781 1279 paucis
804 1192 940 1279 explicO,
956 1193 1050 1278 cujus
1074 1199 1185 1257 tamen
1208 1191 1399 1257 immanitas

345 1293 526 1377 excogitari
560 1315 625 1359 non
663 1299 779 1381 potest.
827 1294 867 1359 In
907 1294 1022 1360 Natali
1060 1295 1205 1371 Domini,
1244 1295 1398 1380 proxima

347 1398 421 1479 post
452 1395 575 1460 festum
609 1396 841 1462 Innocentium
873 1396 935 1473 die,
974 1397 1068 1462 sole¹
1109 1397 1277 1463 occidente
1315 1396 1402 1462 circa

347 1496 460 1562 horam
498 1520 716 1585 vesperorum,
750 1499 951 1564 intromissi²
990 1500 1203 1586 spiculatores
1236 1497 1401 1585 quatuor,³

350 1601 408 1687 qui
434 1601 533 1688 primi
566 1601 706 1679 fuerant,
729 1603 772 1667 ad
804 1602 921 1668 fortem
955 1601 1050 1666 illum
1074 1600 1199 1668 Christi
1232 1601 1394 1668 athletam

349 1702 539 1768 terribiliter
568 1703 745 1769 admodum
770 1709 804 1770 et
835 1703 981 1770 fastuose
1013 1708 1228 1782 accesserunt,
1261 1724 1400 1790 qnorum

348 1805 401 1870 hic
423 1805 582 1869 intersero
612 1805 755 1883 nomina,
777 1810 816 1869 ut
838 1826 952 1870 eorum
974 1805 1133 1871 memoria
1164 1804 1269 1869 sitin
1300 1804 1401 1870 male·

349 1907 493 1973 dictione
530 1917 712 1994 perpetua:
751 1905 948 1972 Wilhelmus
979 1907 1020 1972 de
1055 1907 1158 1984 Troci,
1198 1907 1401 1994 Reginaldus

348 2009 452 2074 Filius
475 2009 562 2086 Ursi,
584 2009 684 2095 Hugo
708 2009 749 2074 de
774 2008 953 2086 Morevilla,
976 2009 1138 2076 Ricardus
1161 2009 1279 2075 Brito.⁴
1333 2009 1399 2090 Qui

347 2112 383 2175 in
405 2112 511 2198 primo
534 2111 689 2178 accessu⁶
710 2132 731 2176 a
753 2120 866 2176 sancto
889 2110 962 2177 viro
985 2112 1125 2178 salutati
1148 2132 1216 2176 non
1239 2111 1398 2177 resaluta-

347 2218 477 2290 verunt,
500 2217 616 2299 utpote
639 2213 704 2298 qui,
724 2213 795 2299 jam
818 2214 890 2277 vias
913 2213 1110 2299 perditionis
1133 2214 1280 2300 ingressi,
1296 2214 1400 2279 mani-

347 2315 429 2381 feste
463 2314 663 2402 respuebant
687 2315 838 2394 salutem,
862 2316 945 2401 quin
967 2316 1079 2402 potius
1109 2316 1269 2382 cervicose
1301 2317 1400 2381 nimis

348 2423 382 2484 et
396 2439 508 2503 aspere
531 2418 773 2495 intonuenmt,⁶
794 2417 999 2484 sciscitantes
1022 2417 1051 2482 si
1074 2417 1242 2504 episcopos
1265 2439 1400 2504 suspen-

347 2542 399 2585 sos
422 2521 492 2586 sive
515 2520 814 2586 excommunicatos
846 2519 890 2585 ad
912 2520 999 2606 regis
1032 2526 1119 2586 esset
1150 2521 1238 2587 illico
1270 2520 1398 2586 absolu-

346 2629 443 2688 turus
480 2622 683 2687 mandatum.
745 2621 818 2702 Quo
851 2621 998 2687 modeste
1036 2623 1255 2708 respondente
1289 2623 1326 2689 id
1356 2623 1400 2689 ad

348 2724 523 2812 singularis
545 2723 708 2810 primatus
735 2723 838 2789 vestri
860 2728 1007 2808 spectare
1041 2746 1220 2803 censuram,
1245 2747 1305 2792 nec
1336 2726 1400 2792 sibi

346 2828 474 2914 aliquid
506 2825 680 2892 vendicare
718 2825 777 2890 ubi
815 2831 913 2891 tanta
949 2827 1183 2892 intervenisset
1212 2829 1400 2907 auctoritas,

347 2953 425 2996 mox
448 2931 556 3016 ipsum
579 2950 621 2993 ex
643 2932 739 3014 parte
762 2928 848 3014 regis
872 2927 1172 3010 diffiduciaverunt‚
1188 2937 1223 2995 et
1245 2931 1402 2997 continuo

347 3033 502 3098 exierunt
523 3030 565 3096 ad
589 3029 781 3108 cohortem,⁷
805 3029 968 3096 militibus
992 3032 1112 3116 quide
1136 3032 1262 3097 familia
1294 3033 1401 3098 homi-

346 3137 399 3201 nia
422 3136 483 3201 Dei
509 3140 612 3211 erant,
628 3155 727 3219 super
749 3133 831 3198 vitae
846 3134 995 3220 periculo
1013 3141 1047 3199 et
1070 3135 1230 3200 bonorum
1253 3137 1400 3201 omnium

347 3239 594 3326 proscriptione,
617 3238 653 3301 in
670 3237 763 3302 exitu
786 3258 855 3318 suo,
880 3258 922 3302 ex
938 3243 1032 3324 parte
1054 3239 1141 3324 regis
1174 3240 1402 3325 praecipientes

346 3346 386 3406 ut
408 3340 472 3427 ipsi
495 3340 618 3427 pariter
645 3339 784 3414 exirent,
811 3344 846 3403 et
868 3339 915 3404 rei
947 3343 1103 3404 eventum
1126 3339 1244 3406 tacite⁸
1259 3347 1293 3406 et
1315 3343 1401 3427 pati·

346 3449 441 3508 enter
485 3447 724 3527 exspectarent.
792 3439 927 3506 Publice
971 3447 1082 3507 autem
1128 3465 1187 3528 per
1230 3443 1400 3509 civitatem
1452 3459 1460 3471 ·

346 3545 453 3611 simile
468 3545 554 3631 regis
570 3544 677 3609 exivit
691 3543 845 3610 edictum.
891 3543 1075 3630 Singularis
1090 3566 1167 3610 vero
1190 3545 1245 3610 ille
1267 3546 1304 3608 in
1325 3569 1400 3612 nos-

347 3649 408 3714 tris
423 3647 539 3713 diebus
554 3646 681 3712 athleta
697 3645 824 3712 Christi
840 3645 921 3731 qui⁹
935 3646 1042 3712 minas
1063 3646 1250 3733 principum
1265 3649 1399 3734 sprevit,

349 3750 390 3816 de
413 3750 484 3816 loco
507 3750 579 3836 ipso
594 3749 653 3814 ubi
671 3748 743 3835 jam
766 3749 861 3814 velut
883 3749 998 3813 mortis
1022 3755 1196 3835 exceperat
1210 3749 1401 3828 nuntium,¹⁰

347 3854 391 3919 ad
426 3852 566 3918 multam
599 3851 805 3931 instantiam,
840 3852 902 3916 vix
935 3852 1048 3938 egredi
1072 3852 1259 3938 compulsus
1286 3859 1343 3931 est,
1367 3858 1401 3918 et

379 4107 389 4141 ¹
406 4106 592 4171 inclinetujam
603 4103 645 4153 die
659 4103 711 4166 (lor
721 4103 773 4155 sole
783 4104 848 4153 occi·
931 4105 942 4142 ⁷
959 4110 1071 4153 carrera?
1105 4106 1136 4154 In
1152 4106 1195 4155 tbe
1211 4105 1276 4164 Life,
1288 4107 1400 4157 Herbcrt

347 4187 442 4252 dente),
453 4189 484 4237 P.
899 4199 966 4250 says,
989 4189 1091 4248 “prope
1118 4184 1221 4235 hortum
1244 4186 1401 4252 collegerunt

379 4267 390 4301 ¹
406 4266 565 4324 intromiscet,
577 4264 607 4314 P.
898 4269 914 4293 ‘⁴
932 4263 1087 4316 cohortem.”

379 4345 543 4406 'duntaxat
571 4343 618 4394 ina.
641 4345 683 4399 P;
712 4349 762 4392 tres
786 4341 848 4390 dun·
930 4345 1069 4393 aeacireer
1081 4346 1218 4410 patienter,
1234 4346 1271 4404 1‘3
1289 4347 1363 4395 taciti
1375 4355 1399 4396 et

347 4434 429 4484 laxat,
442 4427 477 4476 H.
895 4425 1029 4488 patientes,
1039 4423 1070 4473 L.

380 4505 391 4539 ⁴
409 4504 467 4555 Rie.
480 4504 564 4563 Brito,
575 4520 624 4554 om.
637 4505 671 4554 Η.
931 4503 942 4536 ⁹
960 4505 1012 4566 qui.
1024 4503 1062 4561 P;
1080 4519 1130 4552 om.
1142 4504 1170 4564 Z,
1187 4505 1218 4563 L,
1232 4504 1315 4556 which
1333 4505 1398 4554 bave

379 4586 390 4618 ⁸
405 4584 487 4650 primo
502 4600 612 4644 mesen,
631 4585 660 4642 Z,
677 4583 718 4643 11,
736 4598 847 4643 accessu,
897 4590 921 4632 et
933 4583 1017 4632 before
1028 4581 1066 4631 de.

346 4681 397 4716 om.
408 4666 446 4723 113
463 4665 517 4728 ipso
528 4678 638 4724 maru,
651 4663 682 4714 P.
932 4662 952 4695 ¹⁰
969 4663 1075 4721 initiam,
1087 4664 1122 4712 H.

380 4744 574 4801 ‘imeneorum
608 4742 639 4802 P,
672 4743 708 4801 V,
743 4742 786 4802 7⁴3
821 4743 847 4789 in

346 4823 458 4882 ramira,
471 4820 503 4871 L.
