3278 5662
247 812 314 867 nn.
331 798 443 882 nro]
695 814 876 864 arrsronn.
1236 798 1300 869 237

250 1023 316 1088 qua
345 1001 480 1086 justitia
513 1001 636 1066 viderit
670 1001 760 1065 Deus
793 1007 827 1065 et
855 1002 992 1086 judicet.
1051 1000 1191 1068 Secutus
1226 1014 1387 1092 eumJohn¹

250 1104 273 1169 ,J
275 1125 397 1169 oannes
409 1104 531 1169 Oumin
546 1125 580 1168 se
597 1103 723 1188 majora
734 1103 896 1190 gloriatus
908 1110 959 1168 est
974 1103 1166 1189 impetrasse
1181 1129 1188 1183 ;
1208 1110 1249 1181 et,
1262 1111 1302 1170 ut
1316 1083 1415 1136 eumin.

251 1204 571 1271 Christianissimum
595 1227 705 1293 regem
729 1209 763 1271 et
786 1206 963 1291 optimates
986 1206 1078 1291 regni
1101 1205 1300 1272 Francorum

251 1312 403 1372 anostra
422 1311 456 1372 et
471 1307 736 1372 coexsulantium
757 1307 853 1370 nobis
876 1307 1096 1371 subventione
1112 1307 1299 1386 retraheret,

250 1430 429 1496 peragrans
459 1409 633 1474 Franciam
665 1409 757 1473 etin
789 1408 1017 1493 Burgrmdiam
1049 1407 1242 1495 irrumpens,
1265 1411 1300 1473 in

251 1511 394 1578 ecclesiis
417 1517 452 1576 ct
474 1510 636 1575 nobilium
667 1510 820 1575 domibus
851 1509 1088 1575 disseminabat
1118 1532 1152 1576 so
1175 1518 1300 1577 certum

251 1635 320 1679 esso
343 1613 384 1678 de
407 1618 521 1678 nostra
544 1615 611 1678 cita
634 1612 828 1697 dejectione,
843 1612 955 1678 dicens
979 1619 1147 1678 tamense
1170 1618 1301 1700 tempus

252 1714 443 1780 atmodum
470 1714 616 1790 reticere,
640 1712 719 1798 quia
744 1712 890 1778 revelare
922 1719 1083 1780 secretum
1115 1715 1201 1779 sedis
1224 1736 1301 1802 apo-

251 1817 375 1884 stolicre
405 1838 472 1881 non
496 1816 649 1882 audebat
709 1815 775 1896 Qui
799 1836 877 1881 vero
899 1837 988 1882 nrmc
1010 1817 1188 1883 novissime
1216 1819 1302 1884 redi-

252 1925 359 1997 erunt,
370 1919 532 2005 jactitant
555 1918 720 1983 indultam
745 1918 814 2005 regi
829 1918 1031 1995 dilationem,
1047 1924 1083 1985 ot
1103 1926 1301 2006 potestatem

251 2026 397 2086 nostram
420 2043 440 2086 a
464 2020 558 2086 vobis
581 2042 650 2085 esse
673 2041 873 2106 suspensam,
897 2025 944 2097 nt,
968 2022 1086 2088 necin
1109 2022 1217 2108 ipsum
1242 2044 1302 2090 nec

252 2124 288 2186 in
310 2123 456 2208 aliquam
488 2144 660 2209 personam
692 2128 789 2188 torrae
821 2144 899 2202 suae,
918 2123 1061 2209 justitiae
1093 2145 1228 2190 manum
1260 2149 1302 2191 ex

253 2245 461 2310 quacumque
492 2246 591 2290 causa
624 2225 786 2310 possimus
817 2225 1003 2291 extendere.
1064 2226 1178 2293 Abbas
1201 2229 1301 2295 ctiam
1316 2255 1427 2305 craum-

253 2325 367 2392 Sancti
385 2326 566 2412 Augustini
582 2326 742 2411 gloriatus
758 2326 912 2411 estquod
928 2327 1166 2394 benedictionis
1182 2352 1302 2396 munus
1315 2323 1382 2371 blm·

252 2429 448 2514 suscepisset
470 2428 608 2505 crebis,
624 2428 653 2491 si
677 2426 810 2492 tutum¹
834 2428 952 2493 fuisset
976 2436 1014 2495 ut
1034 2432 1246 2512 tonderetur;
1269 2440 1303 2499 et

253 2531 381 2595 utinam
417 2529 520 2615 (qued
544 2529 579 2592 in
602 2529 727 2596 vicinia
747 2552 808 2594 sua
829 2531 977 2595 nondum
1000 2532 1145 2598 creditur
1154 2534 1182 2620 ²)
1205 2535 1302 2600 bonc-

252 2633 397 2698 dictione
421 2633 515 2697 lieret
538 2632 667 2718 dignus.
715 2633 786 2698 Nec
809 2634 951 2698 reticent
972 2655 1016 2711 se,
1039 2635 1103 2700 nisi
1126 2635 1303 2721 petitiones

253 2756 366 2800 eorum
404 2739 687 2821 promoverentur,
723 2734 915 2799 inimicitias
954 2735 1096 2801 ecclesiae
1134 2738 1302 2807 catholice

253 2836 476 2913 denuntiasse,
492 2840 527 2901 ct
549 2856 570 2899 a
593 2834 698 2901 Curia
713 2836 883 2901 recessisse
898 2857 972 2902 cum
995 2837 1246 2924 indignatione3
1269 2850 1303 2909 ct

252 2936 390 3026 postea³
412 2939 567 3003 Fratrum
591 2944 784 3015 vastrorum,
808 2939 865 3023 qui
889 2939 1049 3005 columnae
1073 2942 1230 3008 videntur
1253 2966 1303 3011 cc·

253 3041 368 3119 clesiae,
394 3041 572 3105 sedulitate
599 3048 633 3106 et
656 3040 831 3126 diligentia
852 3042 895 3105 ad
927 3040 1061 3107 Curiam
1084 3044 1185 3110 fuisse
1207 3068 1302 3112 revo-

252 3149 351 3208 catos.
397 3143 479 3209 Haec
500 3142 537 3206 in
552 3143 705 3228 compitis
728 3143 920 3227 praedicant,
936 3149 975 3209 ut
995 3165 1108 3210 eorum
1131 3153 1301 3235 magnani-

253 3247 351 3311 mitas
375 3246 567 3321 innotescat,
590 3251 624 3309 et
646 3243 786 3310 fortasse
809 3250 849 3309 ut
871 3246 1044 3312 nationum
1072 3249 1235 3337 principes
1258 3252 1300 3317 ad

253 3348 375 3413 similia
406 3351 632 3433 provocentur.
696 3346 740 3412 Et
762 3347 905 3432 quidem,
936 3355 1033 3434 pater
1059 3358 1180 3432 sancte,
1203 3354 1301 3421 officii

253 3451 356 3516 nostri
396 3453 543 3535 potestas
578 3449 673 3514 facile
711 3450 867 3534 suspendi
905 3453 1037 3536 poterit,
1071 3454 1128 3519 sed
1166 3456 1302 3522 dextera

253 3553 326 3625 Dei,
358 3574 432 3637 quae
461 3552 531 3635 jum
569 3551 679 3636 capita
709 3551 866 3637 deprimit
899 3560 1126 3639 tyrannorum,
1158 3558 1300 3625 cohiberi

253 3677 319 3719 non
342 3658 458 3740 potest.
518 3653 651 3717 Timent
675 3652 785 3718 fideles
810 3655 911 3719 vestri
934 3678 985 3734 ne,
1009 3658 1087 3721 dum
1112 3662 1302 3727 exercendae

249 3758 393 3843 justitiae
417 3756 552 3820 meliora
580 3762 729 3842 tempora
752 3758 960 3842 oxspectatis,
978 3760 1104 3845 optima
1119 3763 1302 3831 elabantur.

254 3860 341 3924 Nam
376 3860 412 3921 in
444 3863 534 3923 arcto
567 3857 666 3941 positi
705 3864 795 3937 sunt,
827 3865 862 3923 et
896 3860 952 3944 qui
987 3866 1091 3927 terret
1125 3864 1199 3949 plus
1232 3868 1303 3953 ipse

253 3963 358 4025 timet.
404 3959 657 4031 “Confer-tare?
683 3960 794 4044 iuquit
817 3960 988 4037 Dominus,
1004 3972 1022 3996 “
1038 3969 1072 4028 et
1095 3972 1166 4031 esto
1189 3971 1302 4035 robus·

253 4074 267 4096 ‘⁴
293 4070 355 4137 tus,
371 4083 412 4124 ue
434 4060 551 4123 timeas
574 4082 594 4123 a
616 4060 698 4124 l'acic
714 4081 836 4136 eorum,
853 4061 931 4145 quia
955 4061 1050 4147 Ego¹
1073 4070 1183 4131 tecum
1200 4073 1302 4136 sum.”

254 4162 530 4241 ‹lectitationibus
567 4162 760 4226 nuntiorum
792 4163 879 4247 regis
910 4184 979 4227 non
1012 4167 1207 4247 crederetur,
1238 4174 1301 4238 nisi

254 4268 331 4351 quia
354 4264 532 4330 cardinalis
556 4264 590 4327 in
611 4264 725 4328 eadem
750 4265 904 4350 opinione
927 4272 986 4343 est,
1006 4273 1039 4331 et
1063 4290 1122 4333 nos
1144 4273 1245 4339 verbo
1269 4283 1303 4342 et

1105 4462 1301 4477 ————

286 4579 292 4608 ¹
312 4585 396 4637 lolruu,
410 4576 443 4625 L.
830 4551 841 4677 ζ
858 4557 887 4676 ἶ
902 4561 1001 4616 I'W'l‘r
1022 4556 1056 4615 A,
1077 4560 1109 4619 (l,
1130 4563 1165 4618 7.;
1194 4578 1243 4614 0¹1¹·
1264 4568 1301 4625 V;

797 4646 849 4691 scr,
891 4667 897 4679 .

286 4684 295 4714 '·'
314 4681 442 4742 mulium,
455 4679 487 4730 Ia·
831 4709 841 4739 ⁴
860 4708 929 4773 ΒΨ),
941 4726 991 4769 0111,
1005 4714 1033 4763 1¹·
