3278 5662
423 824 487 883 514
862 837 1040 886 marona.
1277 824 1360 906 [an.
1378 821 1481 892 1172.

253 1042 359 1090 anatha
422 1024 544 1109 recepti
567 1031 646 1089 sunt
679 1024 715 1088 in
747 1024 857 1089 osculo
888 1024 985 1109 pacis.
1033 1023 1074 1085 In
1105 1019 1272 1087 crastin0¹
1309 1022 1484 1087 venerunt

249 1108 352 1171 legates.
422 1122 656 1202 saviniacum,2
670 1127 728 1190 ubi
744 1125 1004 1211 archiepiscopus
1020 1122 1295 1208 Rothomagensis
1317 1127 1355 1188 et
1377 1120 1484 1186 multi

420 1225 563 1312 episcopi
587 1231 621 1292 et
643 1248 791 1313 proceres
824 1230 1056 1293 convenerunt.
1105 1223 1255 1310 Cumque
1283 1224 1415 1289 ibidem
1439 1223 1482 1288 de

418 1346 497 1410 pace
536 1329 594 1392 diu
633 1334 812 1395 tractatum
851 1333 945 1406 esset,
984 1327 1141 1412 quoniam
1179 1346 1239 1391 rex
1276 1326 1482 1391 mandatum

417 1449 529 1492 eorum
552 1430 702 1495 absolute
720 1431 833 1516 jurare
855 1429 974 1506 renuit,
997 1450 1057 1493 rex
1079 1429 1122 1493 ab
1144 1428 1190 1493 eis
1213 1449 1287 1497 cum
1319 1426 1482 1514 indigna·

251 1173 316 1238 May
330 1179 368 1223 16.

417 1529 507 1594 tione
529 1531 679 1597 discessit
716 1532 753 1596 in
782 1532 852 1597 haec
881 1529 1003 1595 verba:
1045 1530 1210 1606 “Redeo'’
1243 1530 1365 1615 inquit,
1390 1526 1482 1593 “in8

417 1639 434 1665 “
457 1632 662 1711 Hiberniam,
686 1633 743 1697 ubi
766 1633 873 1699 multa
902 1632 984 1696 mihi
1015 1632 1221 1698 incumbunt.
1267 1631 1337 1697 Vos
1360 1636 1478 1696 autem

417 1739 435 1768 “
458 1733 494 1795 in
519 1755 597 1819 pace
620 1735 668 1798 ite
701 1756 761 1819 per
792 1739 915 1799 terram
947 1754 1055 1798 meam
1087 1733 1147 1798 ubi
1170 1732 1266 1798 vobis
1298 1731 1480 1818 placuerit,

417 1837 493 1898 “et
529 1834 619 1920 agite
664 1835 864 1922 legationem
910 1836 997 1901 sicut
1034 1834 1129 1900 vobis
1168 1835 1357 1920 injunctum
1396 1833 1481 1901 est'’

246 1945 405 1999 ananehcs.
418 1935 560 2022 Sicque·¹
580 1938 625 2002 ab
648 1939 695 2003 eis
717 1939 896 2004 discessum
918 1944 976 2004 est.
1032 1938 1124 2003 Tunc
1146 1936 1338 2015 cardinales,
1355 1936 1480 2003 habito

248 2011 312 2076 May
327 2019 364 2064 ¹⁹·
415 2039 549 2105 arctiori
572 2041 717 2118 consilio,
747 2045 987 2107 revocaverunt
1010 2040 1199 2126 episcopum
1230 2038 1477 2105 Lexoviensem

415 2145 450 2204 et
497 2140 764 2209 archidiaconum
817 2142 1045 2208 Pictavensem
1092 2141 1154 2206 et⁶
1202 2140 1478 2208 archidiaconum

414 2240 701 2320 Saresberiensem,
725 2249 760 2309 et
782 2265 840 2329 per
863 2264 917 2309 eos
950 2242 1154 2308 elaboratum
1184 2249 1236 2308 est
1262 2241 1354 2329 quod
1375 2249 1478 2308 sexta

413 2343 495 2408 feria
525 2350 682 2430 sequente
717 2367 776 2411 rex
811 2351 845 2410 et
876 2343 1057 2410 cardinales
1088 2345 1178 2430 apud
1200 2343 1364 2410 Abrincas
1394 2365 1477 2410 con·

413 2452 585 2512 venerunt.
642 2446 760 2532 Ibique
789 2445 946 2512 omnino⁶
975 2451 1176 2512 conventum
1206 2452 1256 2512 est
1286 2446 1377 2512 inter
1407 2469 1476 2527 eos,

413 2548 462 2612 ita
483 2549 573 2634 quod
595 2571 656 2615 rex
679 2550 843 2635 quidquid
865 2570 907 2613 ex
930 2555 1024 2634 parte
1055 2548 1272 2615 cardinalium
1296 2549 1328 2615 ei
1351 2571 1476 2636 propo-

244 2670 377 2722 remiss
412 2651 513 2715 situm
537 2658 587 2716 est
610 2651 752 2736 benigue
775 2651 920 2736 suscepit
943 2657 978 2715 et
1000 2652 1167 2717 concessit.
1213 2650 1280 2715 Sed
1303 2636 1386 2736 quia
1408 2674 1474 2718 rex

243 2752 362 2854 {ffion
412 2752 518 2817 filium
542 2775 638 2817 suum
661 2752 770 2819 voluit
792 2753 914 2831 adesse,
937 2758 977 2816 ut
1008 2753 1096 2838 quod
1130 2757 1225 2838 pater
1257 2754 1477 2839 promitteret

242 2868 358 2935 Mayai.
411 2856 466 2920 illc
498 2856 598 2921 etiam
632 2861 843 2932 asseveraret,
867 2855 1027 2920 terminus
1062 2856 1109 2921 rei
1144 2855 1268 2920 dilatus
1291 2860 1343 2921 est
1364 2877 1475 2943 usque

410 2957 453 3021 ad
488 2962 679 3043 sequentem
717 2956 938 3032 Dominicam,
969 2957 1163 3042 proximam,
1197 2956 1365 3035 videlicet,
1387 2964 1474 3024 ante

410 3057 643 3123 Ascensionem
667 3057 811 3122 Domini.
858 3057 952 3121 Tunc
974 3057 1011 3120 in
1037 3057 1170 3143 publica
1200 3057 1377 3123 audientia
1398 3080 1474 3139 rex,

409 3180 509 3223 uranu
542 3181 602 3225 sua
634 3160 731 3224 tactis
762 3159 977 3224 sacrosanctis
1005 3159 1193 3245 evangeliis,
1217 3159 1348 3244 juravit
1378 3162 1473 3245 quod

409 3282 515 3345 neque
553 3262 727 3327 mandavit
771 3282 878 3345 neque
917 3260 1025 3325 voluit
1074 3261 1163 3346 quod
1201 3261 1473 3348 archiepiscopus

410 3362 659 3427 Cantuan'ensis
682 3361 930 3438 interficeretur,
955 3366 990 3425 et
1020 3361 1136 3425 audita
1166 3367 1272 3428 morte
1295 3362 1368 3447 ejus
1390 3363 1472 3449 plus

409 3467 485 3530 indo
509 3467 617 3531 doluit
647 3487 748 3551 quam
772 3465 905 3531 lactatus
929 3470 985 3531 est
1032 3465 1175 3530 Addidit
1190 3466 1300 3544 etiam,
1324 3488 1368 3531 ex
1390 3489 1470 3554 pro-

407 3566 481 3651 pria
503 3566 685 3642 voluntate,
709 3567 798 3650 quod
825 3566 866 3630 de
892 3570 998 3631 morte
1032 3565 1135 3650 patris
1166 3567 1218 3632 vel
1247 3568 1366 3633 matris
1396 3591 1471 3636 suae

408 3688 577 3753 nunquam
610 3673 741 3732 tautum
773 3667 889 3732 doluit.
935 3668 1072 3732 duravit
1100 3669 1211 3745 etiam,
1236 3670 1326 3755 quod
1347 3691 1471 3755 quam-

409 3790 548 3852 cumque
586 3768 820 3854 poeuitentiam
859 3769 889 3833 ei
929 3769 1110 3833 cardinales
1157 3770 1372 3857 injungerent
1411 3774 1469 3838 vel

408 3869 664 3935 satisfactionem
699 3869 845 3955 plenario
883 3878 1124 3955 exsequeretur.
1196 3871 1337 3938 Dicebat
1374 3874 1469 3940 enim

407 3991 515 4036 coram
538 3972 691 4038 omnibus
721 3992 756 4035 se
787 3970 970 4057 intelligere
1002 3972 1090 4057 quod
1117 3993 1216 4039 causa
1237 3979 1324 4039 esset
1345 3979 1470 4042 mortis

405 4072 649 4159 archiepiscopi,
680 4077 714 4138 et
747 4072 918 4157 ‘quidquid
958 4074 1085 4139 factum
1126 4080 1176 4139 est
1217 4082 1350 4161 propter
1388 4100 1468 4143 eum

405 4177 530 4243 factum
554 4182 622 4256 est3
644 4198 711 4242 non
727 4177 814 4261 quod
838 4177 908 4262 ipsc
931 4177 1149 4255 mandaverit,
1171 4179 1229 4244 scd
1252 4180 1340 4265 quod
1363 4184 1468 4250 amici

404 4287 438 4344 et
461 4280 638 4345 familiares
661 4280 739 4364 ejus,
764 4279 916 4344 videntes
944 4280 1168 4344 turbationem
1191 4280 1307 4347 vultus
1331 4282 1405 4368 ejus
1428 4291 1468 4351 et

404 4383 582 4459 oculorum,
606 4386 836 4467 cognoscentes
868 4382 969 4446 etiam
1001 4382 1147 4448 dolorem
1177 4383 1294 4460 cordis,
1317 4390 1352 4450 et
1375 4407 1468 4474 saepe

439 4584 446 4615 ¹
465 4585 589 4645 crastina,
601 4587 631 4635 L.
987 4586 997 4618 ⁴
1017 4587 1120 4651 Sicquc,
1132 4588 1169 4646 Z;
1189 4588 1244 4649 sic,
1255 4588 1285 4638 L.

435 4663 446 4695 ²
465 4662 650 4726 salviniacum,
663 4663 693 4713 L.
987 4665 997 4698 ⁵
1016 4673 1050 4726 et,
1062 4680 1112 4716 om.
1126 4665 1160 4716 L.

435 4742 446 4775 ³
462 4743 499 4801 in,
510 4742 545 4802 25
563 4757 612 4791 om.
625 4742 655 4790 L.
987 4741 997 4774 ⁶
1014 4744 1144 4805 eminant,
1155 4742 1189 4794 L.
