3278 5662
381 789 446 852 424
806 751 995 850 nr1sronn.
1239 786 1317 870 [an.
1334 786 1428 855 1170.

380 994 533 1059 cedentes
556 994 762 1072 acerbitates,
777 993 820 1059 ob
843 995 1053 1060 devotionem
1068 999 1187 1060 vestrae
1210 991 1426 1079 paternitatis

380 1095 555 1162 clementia
576 1097 802 1173 eommutavit,
824 1097 905 1164 adeo
928 1102 967 1162 ut
989 1097 1165 1164 miraretur
1187 1097 1257 1184 ipse
1280 1097 1368 1187 quod
1393 1095 1430 1161 id

381 1202 445 1267 sibi
467 1205 614 1289 potuerit
636 1205 796 1291 imperare
818 1203 872 1269 vel
894 1204 1111 1291 cujusquam1
1135 1205 1322 1290 impendere
1346 1204 1428 1270 cari-

368 1306 454 1392 tati.
500 1306 584 1372 lude
618 1312 689 1373 erat
723 1307 810 1393 quod
842 1322 1016 1392 personam
1037 1312 1181 1372 vestram
1216 1304 1331 1373 οιιιιιὶ2
1364 1305 1427 1370 sibi

303 1407 306 1412 ’
380 1407 551 1495 tempore³
582 1409 825 1499 ferventissima
858 1408 995 1475 caritate
1018 1409 1170 1475 credebat
1202 1409 1273 1474 fore
1296 1408 1428 1474 devinc-

381 1516 460 1589 tam,
483 1514 562 1598 quia
584 1512 645 1577 soli
667 1512 762 1577 vobis
783 1512 911 1577 remisit
934 1512 1115 1598 quoderat
1138 1510 1282 1577 humano
1304 1511 1428 1598 generi,

379 1615 408 1677 si
430 1619 565 1699 peteret,
588 1619 768 1700 regaturne
815 1613 959 1679 Reddita
981 1618 1031 1680 est
1053 1613 1165 1699 itaque
1192 1636 1244 1679 me
1267 1618 1427 1700 praesente

379 1714 621 1803 archiepiscopo
644 1737 711 1802 pax
733 1720 768 1781 et
789 1717 905 1803 gratia,
929 1716 1028 1781 etad
1050 1715 1121 1802 ejus
1144 1716 1359 1791 voluntatem,
1370 1736 1428 1801 per
1447 1734 1451 1740 ·

379 1818 517 1883 nuntios
540 1816 662 1883 simul4
676 1825 711 1883 et
733 1818 871 1895 litteras,
884 1817 928 1883 ad
950 1818 1105 1883 universa
1121 1841 1195 1904 quae
1217 1815 1426 1905 possederam

378 1921 561 1998 restitutus,
593 1922 629 1986 in
663 1920 819 2008 Angliam
852 1943 873 1986 a
910 1921 1096 1987 domesticis
1133 1921 1218 2008 regis
1257 1921 1425 1997 deductus,

378 2023 498 2109 ibique,
514 2045 556 2088 ex
571 2023 744 2110 utriusque
759 2022 844 2110 regis
867 2024 1033 2102 mandato,
1056 2045 1183 2089 summo
1206 2045 1280 2091 cum
1296 2022 1418 2089 honore

380 2148 572 2212 summaque
594 2125 816 2214 gratulatione
839 2132 988 2213 receptus
1011 2133 1069 2193 est.
1114 2126 1218 2192 Facta
1239 2149 1308 2192 esse
1334 2125 1426 2190 vide-

377 2229 477 2294 batur
509 2228 735 2315 tranquillitas
766 2249 895 2315 magna,
918 2234 964 2294 et'
985 2229 1021 2292 in
1052 2227 1259 2295 devotionem
1282 2233 1426 2293 vestram
1541 2238 1549 2246 '

377 2333 488 2398 omnia
520 2329 679 2399 reducta⁶
705 2337 809 2409 erant,
832 2337 866 2396 et
896 2330 994 2396 ambo
1016 2352 1106 2419 reges
1138 2332 1181 2397 ad
1205 2331 1426 2397 obedientiam

376 2439 519 2500 vestram
535 2434 658 2520 pariter
681 2439 715 2498 et
729 2432 1074 2512 humiliterinclinati.
1120 2433 1194 2521 lpse
1216 2455 1296 2499 vero
1322 2432 1427 2520 (quod

375 2537 447 2603 sine
479 2537 589 2603 dolore
623 2534 744 2602 simul⁷
777 2541 812 2601 et
845 2535 963 2601 rubere
995 2535 1101 2601 dicere
1138 2558 1205 2601 non
1238 2535 1427 2622 possumus)

212 2636 259 2752 1315?
268 2653 362 2751 ἑφθοῦ·
374 2639 524 2725 portavit
545 2639 581 2703 in
604 2638 757 2704 manibus
780 2639 889 2726 ignem
913 2644 947 2703 et
968 2637 1126 2724 gladium,
1149 2643 1183 2703 et
1214 2638 1271 2723 qui
1298 2637 1426 2703 venisse

209 2719 355 2824 miffar,
375 2741 570 2828 sperabatur
601 2742 638 2807 in
669 2740 961 2817 benedictionibus,
994 2740 1180 2826 tranquillae
1207 2740 1296 2827 pacis
1328 2740 1427 2805 initia

377 2844 470 2921 visus
493 2851 543 2910 est
576 2843 868 2910 maledictionibus
900 2843 1074 2924 infecisse;
1097 2849 1224 2922 vestrae,
1248 2848 1288 2909 ut
1320 2844 1426 2920 aiunt,

373 2946 589 3035 indulgentiae
611 2947 775 3013 beneficiis
798 2947 929 3025 abusus,
952 2946 1010 3032 qui
1042 2947 1243 3034 rescriptum,
1267 2946 1355 3031 quod
1386 2951 1426 3011 ut
1456 3032 1459 3037 Ι

375 3072 441 3136 pax
472 3050 566 3115 fieret
601 3050 716 3115 datum
750 3049 923 3126 credimus,
956 3049 999 3114 ad
1034 3051 1124 3136 pacis
1161 3049 1326 3114 laesionem
1343 3062 1426 3113 ‘non

376 3152 508 3218 distulit
545 3158 742 3239 retorquere.
788 3152 871 3218 Ecce
910 3152 999 3217 enim
1043 3153 1079 3216 in
1123 3175 1202 3238 pace
1239 3151 1425 3217 amaritudo

374 3256 579 3320 amarissima
603 3259 638 3320 et
661 3254 702 3319 ob
725 3255 805 3318 novi
828 3254 914 3341 regis
930 3254 1214 3332 consecrationem,
1229 3253 1426 3341 postquam,⁸

374 3356 462 3423 inter
485 3379 595 3443 regem
619 3362 653 3422 et
676 3355 958 3442 archiepiscopum
981 3358 1198 3443 compositum
1221 3363 1279 3435 est,
1305 3355 1425 3442 quaml

374 3458 475 3524 etiam
484 3457 510 3498 ¹⁰
526 3480 567 3523 ex
590 3458 789 3524 conscientia
812 3464 922 3523 vestra
945 3465 980 3523 et
1002 3460 1159 3524 mandato
1182 3459 1335 3524 novimus
1351 3480 1424 3544 pro·

208 3567 332 3620 Oeneum
374 3563 516 3639 cessisse,
551 3561 687 3647 quidam
723 3562 948 3648 episcoporum
971 3563 1015 3627 ab
1050 3563 1228 3649 episcopali
1260 3563 1424 3648 dignitate

205 3643 361 3753 gffi‘ffi
373 3664 524 3751 suspensi
558 3668 645 3741 sunt,
678 3664 812 3750 quidam
846 3664 1067 3729 anathematis
1102 3664 1233 3730 vinculo
1255 3663 1424 3752 graviusll

206 3768 306 3820 naaion.
373 3767 533 3844 innodati,
557 3767 651 3852 quasi
674 3764 746 3830 in²²
767 3766 840 3853 ipsa
862 3767 1103 3833 consecratione
1118 3767 1245 3853 aliquid
1260 3766 1424 3833 ecclesias-

372 3869 448 3936 ticae
473 3869 649 3955 deperierit
672 3866 868 3957 dignitati.¹³
913 3868 1046 3954 Loquor
1068 3890 1152 3956 ergo,
1174 3869 1252 3933 licet
1274 3869 1309 3933 id
1340 3890 1424 3955 prae·

371 3993 447 4037 sens
469 3992 535 4036 non
563 3971 710 4048 viderim,
746 3970 834 4056 quod
868 3992 925 4056 per
959 3969 1126 4056 religiosas
1157 3971 1424 4057 venerandaeque

403 4251 412 4285 ¹
430 4259 455 4304 et
472 4260 611 4318 utcumque,
627 4251 683 4304 Liv.
700 4253 753 4316 (for
770 4249 809 4302 acl
827 4267 869 4302 cu-
953 4250 964 4288 i
981 4250 1104 4315 steriliter,
1117 4250 1174 4303 Liv.

360 4333 454 4397 juro-t
953 4331 1139 4397 ⁸rr⁰ruah

400 4412 411 4444 ⁹
428 4413 491 4473 Dei,
501 4411 558 4462 Liv.
952 4412 963 4444 ⁹
980 4427 1057 4475 wem,
1069 4413 1099 4462 L.

400 4492 411 4523 ³
428 4493 489 4556 ipsc,
501 4492 557 4541 Liv.
953 4489 974 4521 ¹⁰
993 4491 1051 4542 Om.
1065 4490 1114 4540 Ψ.

399 4570 409 4602 ⁴
419 4572 485 4635 fait,
497 4569 551 4620 Iris.
953 4568 972 4600 ¹¹
990 4570 1112 4633 praviter,
1123 4570 1154 4619 L.

397 4649 408 4682 ⁶
423 4649 574 4714 possiderat,
586 4648 641 4699 Liv.
953 4646 972 4680 ¹²
990 4650 1051 4712 quia
1064 4648 1104 4698 for
1116 4648 1192 4712 qnasi
1202 4650 1237 4711 in,
1248 4648 1278 4699 L.

399 4727 410 4761 ⁶
425 4727 541 4789 deducta
553 4730 604 4781 Ψ.
952 4726 973 4760 ¹³
990 4727 1130 4791 dignitatis,
1140 4728 1171 4779 L.
