3278 5662
351 790 416 855 326
792 799 972 849 arrsronr„
1214 780 1294 865 [an.
1312 780 1409 848 1170·

348 994 401 1055 tas
434 986 577 1054 deducat
607 984 811 1061 Altissimus,
842 989 877 1049 et
908 983 1008 1050 faciat
1046 979 1241 1067 participem
1271 981 1404 1048 illorum

350 1087 470 1174 quibus
492 1087 529 1152 in
552 1086 736 1174 Evangelio
758 1084 956 1172 promissum
979 1087 1030 1149 est
1051 1104 1190 1169 regnum
1213 1083 1381 1149 coelorum.

752 1485 999 1552 DCLXXXIV.

388 1635 609 1703 namucno
631 1653 730 1703 aare
753 1634 899 1701 Tnouas
923 1635 1206 1703 Orururamusm
1230 1650 1357 1700 sacm-

786 1753 975 1804 urtscoPUS.

476 1887 524 1953 (A.
537 1893 604 1948 ³525
623 1889 654 1941 O.
665 1888 693 1940 ii.
705 1893 772 1951 8083
789 1889 818 1940 Z.
829 1904 856 1939 u.
868 1892 915 1948 4⁶;
934 1888 999 1953 Lup.
1011 1904 1037 1936 v.
1049 1893 1099 1947 45;
1116 1887 1207 1938 Tbom.
1220 1890 1275 1949 2⁵.)

396 2018 610 2085 Serenissimo
644 2019 777 2085 domino
818 2023 853 2085 et
883 2018 972 2105 patri
1010 2018 1177 2084 carissimo
1210 2017 1401 2084 Alexandro

351 2120 414 2186 Dei
436 2121 544 2206 gratia
565 2141 694 2187 summo
715 2120 875 2208 pontifici,
899 2119 1049 2198 Thomas,
1074 2129 1196 2188 sanctae
1227 2119 1403 2187 Oantuari-

351 2223 437 2288 ensis
459 2223 601 2289 ecclesiae
624 2223 777 2290 minister
799 2223 949 2301 humilis,
964 2223 1105 2289 salutem
1121 2228 1156 2289 et
1172 2231 1311 2301 omnem,
1328 2245 1403 2292 cum

351 2343 480 2389 summa
503 2324 687 2402 devotione,
710 2325 943 2391 obedientiam.

186 2445 339 2496 anemon-
397 2425 618 2492 Miserationis
641 2425 735 2495 oculo
765 2426 912 2512 respexit
933 2426 1025 2493 Deus
1055 2425 1224 2493 ecclesiam
1246 2447 1348 2505 suam,
1372 2434 1407 2494 et

185 2510 299 2644 {3223
352 2527 487 2594 ansam
525 2516 698 2593 amaseam
735 2527 864 2615 rpem
911 2528 946 2591 rn
991 2527 1144 2593 uestram
1181 2529 1407 2595 commutavit.

189 2646 274 2696 about.
353 2629 425 2696 Nec
448 2629 595 2707 dubium,
618 2634 721 2716 pater,
747 2629 836 2715 quin,
860 2628 889 2694 si
916 2629 1011 2695 nobis
1035 2650 1114 2695 vera
1146 2629 1332 2697 dicentibus
1364 2632 1407 2697 ab

354 2732 451 2799 initio
488 2732 606 2798 fuisset
642 2733 813 2810 creditum,
852 2753 975 2800 cornua
1008 2732 1264 2799 retunderentur
1296 2755 1409 2800 eorum

354 2836 411 2922 qui
434 2837 652 2914 ventilabant,
675 2837 896 2914 conterebant,
920 2843 955 2903 et
984 2836 1086 2903 variis
1119 2837 1224 2924 plagis
1256 2838 1409 2906 vulnera-

355 2941 436 3008 bant
458 2942 635 3021 ecclesiam,
663 2948 711 3020 ut,
734 2942 955 3008 exterminata
987 2963 1118 3028 prorsus
1149 2942 1303 3009 libertate
1336 2945 1407 3030 ejus

355 3047 389 3108 et
412 3047 572 3109 evacuata
593 3043 790 3109 auctoritate
813 3043 938 3108 divinae
961 3042 1052 3129 legis,
1075 3041 1248 3130 vigerent²
1271 3065 1405 3110 consue-

355 3144 487 3209 tudines
510 3150 570 3211 aut
591 3145 702 3230 potius
725 3145 898 3210 abusiones
924 3150 1073 3209 veterum
1097 3151 1324 3230 tyrannorum,
1340 3147 1406 3212 Ro-

354 3265 470 3311 manus
493 3245 644 3331 pontifex
667 3246 847 3311 nesciretur
869 3246 905 3310 in
928 3245 1059 3331 Anglia,
1075 3250 1110 3311 et
1132 3267 1260 3331 sponsae
1282 3247 1407 3313 Christi

353 3346 528 3432 privilegia
550 3347 620 3410 sine
644 3346 860 3432 reparationis
892 3369 949 3433 spe
972 3347 1165 3413 delerentur.
1212 3348 1294 3414 Eece
1318 3350 1406 3413 enim

355 3448 398 3513 ad
421 3447 615 3513 novissimas
638 3447 765 3513 litteras
789 3454 924 3525 vestras,
948 3448 1068 3534 quibus
1091 3449 1223 3514 domino
1245 3451 1315 3535 regi
1331 3453 1403 3514 An·

354 3548 483 3636 giorum
506 3549 655 3615 innotuit
677 3550 766 3635 quod
789 3551 819 3615 ei
850 3551 989 3616 ulterius
1012 3573 1079 3616 non
1111 3551 1293 3637 parceretis,
1317 3553 1405 3618 sicut

355 3673 416 3717 nec
438 3651 629 3738 pepercistis
655 3651 827 3719 Frederico
857 3653 945 3719 dicto
977 3653 1176 3739 imperatori,
1201 3675 1276 3720 cum
1309 3655 1407 3720 intel-

355 3753 491 3818 texisset
513 3758 634 3819 terram
657 3752 736 3839 ejus,
752 3754 870 3820 amotis
887 3754 1039 3819 omnibus
1062 3754 1289 3842 subterfugiis,
1304 3756 1407 3821 inter·

317 3864 323 3874 ’
357 3854 446 3921 dicto
468 3854 706 3943 subjiciendam
729 3878 808 3934 esse,
832 3862 866 3921 et
889 3856 1064 3942 episcopos,
1087 3857 1115 3922 si
1139 3858 1196 3943 qui
1219 3856 1328 3924 forte³
1343 3879 1409 3924 non

357 3955 535 4033 obedirent,
559 3957 803 4044 suspendendos
827 3962 861 4022 et
883 3958 1222 4038 excommunicandos,
1240 3958 1327 4024 illico
1351 3980 1409 4025 no·

356 4056 482 4125 biscum
505 4079 618 4144 pacem
641 4059 723 4125 fecit
744 4059 787 4125 ad
818 4059 975 4125 honorem
998 4059 1071 4136 Dei,
1094 4066 1129 4125 et
1151 4061 1331 4127 maximam
1354 4063 1408 4144 (ut

356 4159 541 4247 speramus)
564 4160 705 4228 ecclesiae
729 4160 917 4227 utilitatem.
965 4162 1052 4227 Nam
1085 4162 1126 4227 de
1161 4163 1408 4229 consuetudini·

357 4262 427 4340 bus,
451 4284 532 4349 quas
563 4267 660 4329 tanta
688 4263 870 4349 pertinacia
893 4264 1067 4330 vendicare
1098 4269 1319 4342 consueverat,
1342 4286 1403 4332 nec

356 4363 478 4428 mutire
501 4365 717 4450 praesumpsit.
767 4363 906 4428 Nullum
933 4387 953 4429 a
984 4366 1088 4445 nobis,
1110 4367 1164 4431 vel
1196 4365 1264 4431 ab⁴
1296 4367 1407 4454 aliquo
1462 4354 1467 4364 ’
