3278 5662
356 762 422 827 234
791 780 969 829 nrrsroms.
1209 766 1292 850 [nn.
1312 766 1410 835 nro.

356 965 486 1030 comitis
508 963 675 1030 Flandriae
706 965 838 1030 studuit
867 966 1035 1052 impedire.
1081 967 1131 1033 Ut
1163 973 1276 1035 tamen
1307 971 1408 1036 devo·

356 1065 480 1131 tionem
503 1065 658 1131 tollendae
682 1067 786 1131 crucis
809 1065 1012 1152 probabilius
1034 1074 1206 1147 astrueret,
1229 1092 1288 1155 per
1317 1072 1407 1137 viros

355 1189 491 1254 magnos
514 1172 549 1232 et
571 1165 739 1254 religiosos
761 1173 797 1232 et
818 1188 877 1253 per
898 1168 1077 1236 familiares
1100 1192 1185 1247 suos,
1209 1171 1331 1256 (sicut¹
1363 1195 1407 1237 ex

356 1269 477 1334 litteris
499 1291 612 1335 eorum
634 1268 777 1353 videbis)
801 1291 876 1335 cum
899 1270 1034 1337 ecclesia
1065 1272 1105 1337 de
1128 1294 1207 1357 pace
1232 1273 1407 1351 tractabat,

354 1375 451 1436 utens
474 1370 600 1435 domini
623 1369 803 1455 Tyrensis²
826 1370 930 1437 officio
953 1372 989 1436 in
1010 1372 1071 1439 hac
1094 1395 1200 1451 causa,
1228 1375 1280 1440 cui
1304 1375 1406 1441 etiam

351 1474 570 1558 praesentibus
615 1472 875 1559 archiepiscopis,
921 1474 1091 1560 episcopis,
1135 1475 1324 1554 abbatibus,
1371 1483 1407 1542 et

351 1575 466 1640 multis
489 1574 679 1662 proceribus
701 1575 900 1653 convocatis,
932 1577 1040 1661 primo
1063 1577 1172 1642 Deum
1195 1583 1230 1644 et
1254 1581 1308 1664 (ut
1339 1578 1404 1644 diei

350 1678 449 1759 solet)
481 1676 771 1743 Christianitatem
809 1698 902 1741 suam
937 1677 1085 1743 obsidem
1120 1679 1244 1745 dabat:
1285 1680 1405 1745 deinde

350 1786 506 1866 patruum
539 1801 637 1845 suum
670 1801 777 1865 regem
810 1778 1101 1865 «ierosolymorum,
1135 1786 1170 1846 et
1201 1802 1314 1847 omnes
1346 1782 1405 1867 qui

349 1887 572 1949 convenerant
603 1880 828 1948 constituebat
849 1881 1064 1966 fidejussores,
1098 1881 1186 1967 quod
1209 1905 1251 1948 ex
1283 1885 1403 1962 animo,

349 1985 385 2048 in
431 1984 503 2063 fide,
549 1988 584 2048 et
640 1983 829 2049 sinceritate
875 1983 1108 2049 Gantuariensi
1154 1984 1402 2072 archiepiscopo

348 2086 521 2152 remiserat
543 2107 657 2151 omnes
680 2084 840 2170 querelas,
862 2089 898 2150 et
919 2085 1013 2163 iram
1036 2092 1071 2152 et
1093 2087 1196 2152 animi
1220 2109 1403 2166 rancorem,

349 2193 383 2253 et
406 2186 560 2252 omnibus
582 2187 658 2263 suis,
675 2194 791 2271 petens
813 2190 854 2250 ut
876 2187 1024 2251 redirent
1047 2208 1107 2252 sua
1129 2188 1242 2253 omnia
1264 2189 1300 2253 in
1323 2211 1403 2276 pace

348 2293 384 2353 et
406 2288 583 2354 securitate
617 2288 803 2372 recepturi;
826 2308 887 2354 nec
916 2288 1044 2374 aliquid
1067 2290 1231 2376 exigebat,
1266 2290 1331 2356 nisi
1364 2296 1404 2356 ut

348 2391 379 2455 ei
411 2390 515 2456 iaciat
546 2389 811 2474 archiepiscopus
842 2390 931 2475 quod
968 2392 1038 2477 regi
1074 2391 1221 2473 debetur,
1261 2398 1296 2457 et
1332 2393 1402 2480 ipsc

348 2493 495 2559 vicissim
536 2492 585 2557 illi
632 2492 720 2577 quod
766 2513 826 2556 rex
865 2492 964 2559 debet
1008 2493 1262 2581 archiepiscope.
1309 2496 1404 2560 Misit

348 2602 461 2662 autem
493 2593 647 2660 abbatem
667 2593 939 2672 cisterciensem,
962 2599 997 2661 et
1019 2595 1157 2660 fratrem
1184 2596 1403 2662 Gaufridum³

348 2697 513 2765 Fulcherii
544 2697 739 2783 magistrum
762 2696 898 2782 Templi,
934 2701 968 2762 et
990 2697 1214 2763 Gaufridum⁴
1236 2699 1401 2765 Autissio-

348 2802 519 2867 dorensem
558 2800 715 2877 Senonas,
755 2805 794 2864 ut
831 2799 1007 2885 praefatum
1047 2799 1321 2866 Cantuariensem
1358 2802 1401 2866 ad

348 2905 457 2990 ipsum
480 2924 556 2968 cum
580 2901 730 2988 episcopo
754 2901 938 2988 Sagiensi
928 2923 965 2965 ιιι
987 2901 1058 2968 haec
1076 2901 1178 2968 verba
1192 2902 1401 2970 adducerent

180 3008 262 3058 Arcu·
347 3006 413 3072 Sed
429 3027 503 3072 cum
519 3004 617 3069 fidem
634 3026 746 3069 comm
762 3009 893 3068 secutus
914 3002 1177 3090 archiepiscopus
1194 3005 1400 3072 Pontisaram

178 3073 290 3191 iim,
346 3110 500 3185 venisset,
536 3106 748 3172 denuntiavit
780 3106 809 3171 ei
852 3106 1004 3172 dominus
1044 3106 1320 3195 Rothomagensis
1359 3132 1400 3175 ne

178 3207 333 3322 gifphsffi
347 3211 544 3298 procederet,
568 3209 647 3294 quia
678 3230 736 3274 rex
760 3209 872 3272 er'at
864 3229 899 3272 ιιι
922 3208 1080 3294 Angliam
1103 3210 1303 3276 transiturus
1338 3212 1399 3276 sub

178 3338 249 3389 rose.
346 3313 436 3378 omni
458 3311 610 3376 eeleritat
596 3317 640 3387 te,
663 3330 743 3395 pace
778 3308 909 3374 infecta
956 3309 1136 3396 Receperat
1171 3318 1284 3377 autem
1318 3313 1400 3379 duos

345 3415 385 3479 de
408 3414 538 3478 nuntiis
573 3413 650 3489 suis,
685 3410 880 3496 magistrum
916 3410 1095 3476 Ricardum
1120 3413 1222 3480 Barre
1245 3419 1280 3481 et
1313 3414 1399 3480 Lan·

344 3517 521 3581 davensem
576 3512 851 3590 archidiaconum,
898 3512 934 3575 in
979 3535 1119 3597 quorum
1165 3515 1276 3581 reditu
1330 3537 1397 3602 pax

344 3616 505 3703 impedita
526 3621 585 3693 est,
619 3613 865 3681 machinatione
888 3615 943 3698 (ut
975 3615 1085 3702 aiunt)
1110 3616 1287 3683 (ιιιιιιιιιιι5
1310 3617 1395 3684 Can·

343 3719 520 3786 tuariensis
543 3717 785 3796 archidiaconi;
808 3716 862 3783 cui
885 3715 976 3781 Deus
1000 3719 1198 3804 quandoque
1222 3720 1396 3806 responde-

343 3823 395 3888 bit
417 3822 459 3887 ad
483 3820 610 3886 merita.
773 3827 778 3839 '

175 3915 303 4035 ΒΠὛ
387 3923 448 3990 dac
450 3923 611 3989 titabatur
645 3926 725 3987 tunc
754 3921 841 4008 regis
874 3921 1008 3986 nuntios
1040 3922 1279 3990 absolutionem
1312 3925 1396 4011 epis-

175 3992 320 4102 amdluribn
342 4028 415 4114 copi
450 4024 688 4091 londoniensis
722 4030 757 4088 et
791 4023 939 4088 omnium
962 4023 1099 4089 aliorum
1138 4024 1328 4103 obtinuisse,
1363 4034 1397 4093 et

177 4116 206 4168 of
215 4117 305 4170 1³⁰¹¹⁰i
344 4130 432 4216 quod
455 4128 701 4214 archiepiscopo
724 4126 895 4191 subtracta
918 4131 991 4189 erat
1020 4130 1167 4211 potestas
1189 4128 1397 4193 animadver-

344 4233 437 4298 tendi
461 4232 497 4296 in
520 4252 629 4316 regem
662 4233 695 4293 et
720 4234 843 4293 terram
866 4248 967 4303 suam,
1003 4227 1073 4292 sive
1096 4228 1188 4315 regni
1223 4251 1397 4315 personas3

376 4523 383 4557 ¹
402 4533 439 4583 ut,
450 4525 481 4574 L.
921 4515 962 4568 ιτ)
978 4519 1010 4569 ln
1027 4519 1097 4572 these
1113 4521 1185 4572 three
1203 4537 1273 4573 cases
1291 4530 1357 4574 most
1368 4522 1398 4573 οι

374 4604 385 4638 ²
407 4601 564 4668 Tyrenensis,
577 4603 609 4661 0,
626 4600 660 4661 713
683 4600 843 4659 Turonensis,
888 4593 931 4651 tbe
959 4600 1035 4652 Mss.
1064 4600 1130 4650 bave
1154 4601 1215 4664 only
1239 4601 1283 4652 the
1311 4600 1395 4654 initiat

342 4687 377 4738 V.
888 4681 970 4732 letter.
