3278 5662
359 794 423 857 280
799 810 977 861 amsronn.
1222 798 1301 881 [an.
1320 796 1415 871 1170,

360 995 465 1060 otiosa
499 1002 579 1060 sunt
615 996 717 1061 verba
749 994 886 1076 Christi,
910 998 1031 1083 quibus
1064 999 1121 1076 ait,
1153 997 1220 1062 “Si
1253 999 1417 1085 poeniten·

360 1104 375 1129 ‘⁴
398 1097 482 1161 tiam
505 1098 617 1183 egerit,
640 1098 668 1161 si
692 1119 869 1164 conversus
892 1099 1097 1176 confiteatur,
1124 1099 1236 1164 dicens
1269 1099 1415 1166 Poenitet

360 1204 375 1230 “
399 1220 451 1264 mc
463 1197 504 1262 ”l
560 1199 780 1284 Nequaquam
817 1200 859 1264 de
897 1201 1065 1266 otiositate
1096 1201 1191 1265 verbi
1223 1201 1413 1266 redditurus

359 1301 467 1363 estin
491 1300 545 1365 dis
563 1301 877 1386 judicii-rationem,
901 1302 958 1366 sed
981 1303 1094 1388 potius
1116 1324 1171 1367 cos
1195 1302 1413 1368 damnaturus

358 1402 424 1485 qui,
449 1408 564 1468 contra
595 1402 733 1468 formam
767 1424 866 1488 quam
902 1404 1003 1480 dedit,
1027 1404 1168 1489 iniquos,
1192 1405 1263 1469 sine
1287 1404 1414 1469 confes·

359 1503 448 1568 sione
484 1509 519 1568 et
550 1504 758 1591 poenitentia,
790 1505 887 1568 vanis
909 1505 1175 1570 absolutionibus
1207 1503 1411 1590 justificare¹

359 1610 572 1688 praesumunt,
611 1601 669 1668 et2
699 1604 868 1670 vivificare
902 1607 1031 1670 animas
1065 1627 1139 1690 quae
1174 1627 1242 1670 non
1282 1606 1410 1670 vivunt.

359 1704 455 1770 Certe
478 1706 506 1769 si
530 1728 581 1770 res
613 1706 725 1770 ablata
747 1706 840 1770 reddi
864 1713 974 1792 potest
1008 1713 1043 1772 et
1065 1728 1132 1772 non
1163 1707 1321 1785 redditur,
1344 1729 1412 1772 non

359 1806 470 1892 agitur
506 1807 707 1892 poenitentia
757 1809 814 1872 sed
853 1808 1000 1894 tingitur.
1079 1809 1228 1874 Profecto
1267 1808 1413 1894 Spiritus

359 1906 509 1984 Sanctus,
533 1913 573 1971 ut
606 1909 765 1994 scriptum
803 1914 861 1983 est,
893 1906 1051 1995 effugiet8
1085 1909 1217 1986 fictum;
1256 1909 1410 1993 quoniam

358 2008 428 2092 ipse
452 2010 575 2073 veritas
599 2014 657 2083 est,
683 2010 731 2092 [et
740 2008 767 2092 ⁴]
791 2030 859 2073 non
886 2009 1092 2096 figmentum.
1139 2008 1275 2094 Obliget
1296 2031 1331 2073 se
1354 2010 1410 2093 qui

358 2110 467 2186 audet,
513 2130 573 2175 nec
618 2111 752 2174 venturi
797 2110 920 2195 judicis
974 2109 1157 2175 formidat⁵
1202 2111 1409 2175 sententiam.

358 2211 529 2296 Raptores,
551 2211 734 2297 sacrilegos
767 2211 957 2290 homicidas,
992 2212 1151 2298 perjuros,
1175 2213 1411 2298 sanguinarios,

357 2317 392 2376 et
415 2312 645 2388 schismaticos,
669 2312 916 2398 impoenitentes
938 2313 1109 2391 absolvat;
1133 2333 1192 2399 ego
1216 2335 1290 2398 quar
1312 2313 1410 2378 eccle-

356 2413 414 2478 siae
437 2413 500 2477 Dei
522 2413 634 2478 ablata
668 2418 747 2476 sunt
778 2414 1004 2499 impoenitenti
1035 2435 1204 2499 nunquam
1235 2415 1412 2483 remittam.

357 2514 478 2580 Nonne
509 2522 633 2592 nostra,
667 2521 727 2580 aut
759 2516 870 2601 potius
904 2515 1057 2593 ecclesiae,
1089 2516 1194 2601 spolia
1225 2522 1305 2580 sunt
1336 2538 1410 2600 quae

356 2618 469 2682 nuntii
506 2620 593 2705 regis
625 2617 848 2684 cardinalibus
881 2623 916 2682 et
950 2618 1128 2683 curialibus
1159 2619 1346 2706 largiuntur
1376 2624 1411 2682 ct

356 2719 583 2805 promittunt?
630 2720 713 2800 Quae
736 2719 897 2805 iniquitas
920 2719 1097 2784 manifesta
1120 2726 1181 2795 est,
1205 2719 1232 2783 si
1256 2719 1314 2783 illa
1335 2740 1410 2804 quac

356 2822 392 2884 in
425 2821 594 2888 ecclesiam
628 2821 691 2886 Dei
729 2821 818 2907 apud
856 2841 917 2885 nos
955 2827 1128 2886 exercetur
1171 2821 1300 2886 occulta
1336 2825 1410 2886 est?

187 2939 307 3005 lnjuptiee
355 2920 425 2986 Nos
464 2921 608 2987 ecclesiae
648 2920 834 2986 libertatem
883 2921 969 2985 tueri
1007 2941 1075 2985 non
1112 2941 1294 3006 possumus,
1333 2921 1411 3005 quia

187 3007 342 3121 gpppepsthy
355 3023 448 3086 sedes
470 3022 650 3109 apostolica
682 3022 954 3107 proscriptionem
985 3027 1131 3086 nostram
1159 3021 1230 3107 jam
1254 3022 1289 3085 in
1311 3021 1409 3085 finem

187 3137 272 3188 Curia.
355 3125 443 3189 sexti
476 3125 556 3189 anni
588 3124 761 3210 protraxit.
820 3122 951 3187 Viderit
985 3122 1086 3198 Deus,
1111 3129 1146 3187 et
1173 3123 1304 3207 judicet
1316 3147 1324 3201 ;
1353 3123 1410 3187 sed

355 3248 415 3312 pro
450 3249 489 3292 ea
522 3228 605 3292 mori
639 3227 747 3311 parati
780 3247 902 3290 sumus.
950 3225 1130 3312 Insurgant
1153 3227 1210 3311 qui
1234 3226 1409 3300 voluerint,

357 3327 541 3393 cardinales
564 3333 695 3392 arment
718 3348 786 3391 non
808 3326 906 3390 modo
929 3347 1039 3411 regern
1055 3326 1196 3412 Angue,
1211 3327 1269 3390 sed
1292 3331 1410 3401 toturn,

355 3429 383 3492 si
416 3435 563 3513 possunt,
597 3428 708 3492 orbem
741 3428 777 3490 in
815 3427 993 3512 perniciem
1032 3433 1203 3505 nostram;
1241 3448 1309 3512 ego,
1337 3427 1408 3490 Deo

358 3530 570 3618 propitiante,
593 3551 652 3594 nec
677 3531 712 3593 in
735 3529 808 3593 vita
830 3531 949 3597 necin
972 3534 1076 3595 morte
1099 3529 1142 3593 ab
1165 3529 1307 3596 eeclesiae
1330 3529 1408 3592 fide·

357 3631 452 3696 litate
485 3632 641 3696 recedam.
705 3630 847 3696 Causam
879 3652 973 3696 suam
1011 3631 1052 3695 de
1085 3636 1204 3696 caetero
1238 3630 1409 3696 committo

354 3731 426 3798 Deo
470 3754 528 3818 pro
562 3754 626 3818 quo
659 3732 773 3796 exsulo
807 3732 1027 3818 proscriptus;
1070 3730 1132 3795 Ille
1165 3732 1337 3796 medeatur
1370 3737 1409 3796 ut

354 3836 450 3900 novit
482 3835 645 3920 expedire.
708 3835 785 3900 Non
821 3839 872 3900 est
904 3833 986 3898 milri
1026 3835 1230 3920 propositum
1271 3834 1409 3899 ulterius

355 3938 499 4004 vexandi
516 3938 672 4018 Curiam3
702 3959 774 4003 eam
797 3938 919 4003 adeant
942 3938 1000 4022 qui
1024 3937 1206 4022 praevalent
1229 3938 1264 4001 in
1289 3937 1410 4022 iniqui·

355 4040 482 4106 tatibus
512 4041 590 4115 anie,
614 4046 648 4104 et
671 4038 880 4124 triumphata
906 4038 1042 4123 justitia
1064 4043 1099 4103 et
1122 4039 1312 4104 innocentia
1335 4059 1409 4124 cap·

354 4142 474 4219 tivata‚
498 4143 534 4204 in
558 4136 792 4206 confusionem
818 4138 961 4204 ecclesiae
984 4140 1127 4204 redeunt
1148 4140 1289 4225 gloriosi.
1335 4139 1412 4203 Uti·

353 4264 431 4308 nam
465 4242 523 4306 via
555 4242 705 4306 Romana
738 4261 805 4305 non
837 4240 941 4325 gratis
973 4239 1165 4323 peremisset
1196 4245 1249 4304 tot
1279 4240 1412 4303 miseros

387 4467 395 4500 ¹
411 4469 561 4531 justificare,
572 4483 622 4517 orn.
634 4468 670 4527 A,
682 4467 714 4518 0.
938 4466 948 4497 ⁴
966 4474 999 4527 et,
1010 4481 1061 4517 om.
1073 4466 1108 4527 A,
1120 4466 1152 4518 0.

385 4545 396 4577 ²
413 4555 446 4605 et,
458 4545 479 4594 Z
490 4566 497 4606 ;
514 4561 564 4596 om.
576 4545 607 4596 L.
938 4543 948 4575 ⁵
959 4544 1095 4608 formidat,
1103 4544 1136 4607 0,
1144 4547 1170 4597 Δ
1181 4544 1411 4610 (bycorrection);

387 4622 398 4654 ⁸
415 4623 517 4688 effnyit,
530 4623 574 4683 A;
592 4623 704 4688 fiatfiat,
720 4623 750 4674 L.
786 4625 858 4686 (Sap.
897 4622 1026 4688 formidet,
1038 4624 1068 4673 L.

350 4702 368 4752 i.
383 4705 407 4764 t,
418 4701 513 4768 Vulg.)
