3278 5662
195 829 216 889 4
634 838 812 890 ammosa.
1056 829 1137 913 [an.
1157 831 1256 901 1169.

195 1041 287 1085 secus
302 1028 360 1099 est,
376 1023 529 1108 quoniam
542 1020 548 1056 ¹
568 1042 666 1107 opera
679 1043 790 1087 corum
806 1044 872 1088 non
889 1024 1004 1089 modo'·'
1014 1037 1253 1112 pracesserunt

195 1123 428 1208 adjudicium,
462 1125 520 1191 scd
563 1126 596 1189 in
630 1146 664 1189 se
703 1126 796 1210 quasi
830 1125 956 1212 pigram
990 1133 1024 1194 et
1059 1132 1252 1200 tardantem

196 1225 503 1295 condemnationem
541 1227 773 1312 provocabant,
812 1232 847 1292 et
884 1249 951 1295 non
990 1237 1135 1312 tantum,
1175 1257 1252 1327 eum

196 1329 389 1416 oportuerit,
427 1330 470 1396 ab
509 1327 699 1393 hominibus
733 1328 981 1407 convincentur,
1016 1334 1073 1398 sed
1105 1335 1255 1404 clamat8

196 1436 313 1495 contra
336 1453 390 1496 eos
414 1432 528 1498 calum
555 1438 589 1495 et
623 1437 719 1495 terra.
767 1430 864 1495 Unde
888 1438 922 1497 et
945 1433 992 1497 eis
1015 1436 1254 1522 appellationis

196 1532 379 1599 subsidium
404 1555 424 1597 a
447 1533 596 1598 Romano
620 1531 775 1617 pontifice
801 1533 877 1618 jure
901 1532 1110 1601 subtractum
1134 1545 1194 1620 cst,
1217 1548 1254 1607 et

196 1633 439 1722 archiepiscopo
462 1637 498 1699 in
521 1636 630 1721 ipsum
663 1635 796 1719 regem‚⁴
818 1642 852 1700 et
874 1656 1012 1720 regnum
1037 1645 1072 1704 et
1094 1661 1255 1726 personae

196 1738 289 1824 regni
323 1737 443 1803 collata
477 1737 583 1823 plenae
621 1737 796 1821 potestatis
828 1737 1009 1803 auctoritas
1042 1740 1085 1804 ad
1118 1765 1253 1812 omnem

197 1840 454 1907 inobedientiam
505 1837 715 1924 puniendam,
755 1844 790 1903 et
834 1839 1059 1924 reprimendos
1106 1846 1252 1915 ecclesiae

118 1970 122 1979 ·
195 1941 429 2015 malefactores,
469 1945 503 2005 et
537 1960 620 2004 suos.
652 1939 803 2004 Procedit
836 1962 912 2026 ergo
947 1943 1097 2011 munitus
1120 1954 1253 2034 aposto-

197 2045 267 2112 lioae
305 2043 391 2109 sedis
427 2042 572 2118 consilio,
596 2047 630 2107 et
652 2062 758 2126 nuper
780 2042 920 2128 receptis
955 2047 1097 2131 propriis
1120 2052 1252 2118 nuntiis

195 2153 229 2210 ct
243 2145 365 2210 litteris
387 2143 510 2208 domini
529 2164 622 2229 papae
645 2162 777 2208 securus
799 2143 905 2209 factus
928 2154 987 2220 est,
1010 2149 1098 2232 quod
1122 2171 1253 2238 eaquae

195 2247 351 2311 statuerit
365 2266 431 2309 non
447 2244 686 2310 mutabuntur:
709 2243 969 2331 archiepiscopus
986 2252 1099 2314 tamen
1114 2258 1253 2336 paratus

196 2354 246 2412 est
285 2346 584 2412 excommunicatos
619 2345 693 2409 illos
727 2345 898 2411 absolvere
933 2348 1114 2416 secundum
1153 2353 1252 2420 insti·

196 2448 358 2513 tutionem
383 2451 516 2534 patrum
550 2454 583 2511 et
618 2446 761 2512 ccclesiae
797 2446 947 2526 formam,
980 2450 1007 2514 si
1032 2454 1252 2537 paenituerint

196 2550 306 2613 fructu
338 2548 508 2635 condigno.
557 2548 592 2612 Si
621 2569 698 2612 vero
731 2549 766 2611 in
789 2569 828 2613 ea
860 2552 947 2634 qua⁵
971 2562 1143 2638 ooeperunt
1174 2578 1253 2623 con.

196 2651 340 2717 tumacia
365 2651 466 2737 (quod
490 2650 577 2714 absit
589 2651 607 2735 l)
633 2651 791 2714 duxerint
814 2652 1062 2737 persistendum,
1086 2656 1155 2742 ipae
1179 2661 1254 2728 vita

196 2754 316 2819 comite
347 2752 504 2841 procedet
545 2751 693 2826 ulterius,
734 2774 794 2819 nec
824 2758 902 2817 ante
934 2763 1071 2841 reponet
1099 2758 1251 2845 gladium

197 2856 343 2943 Spiritus
367 2856 402 2921 in
435 2854 598 2941 vaginam,
637 2875 736 2940 quam
779 2859 866 2920 terra
897 2863 1057 2943 purgetur
1086 2881 1106 2924 a
1146 2865 1252 2929 tantis

196 2956 505 3025 abominationibus.
553 2955 641 3021 Nam
675 2953 734 3020 iu⁶
781 2956 942 3023 infectum
989 2966 1023 3024 et
1060 2969 1250 3031 concretum

198 3060 332 3146 pulvere
363 3059 485 3144 septies
516 3078 628 3122 mucro
644 3056 656 3097 ⁷
672 3057 884 3144 stringendus
915 3067 974 3141 eet,
991 3066 1030 3126 ut
1054 3061 1152 3149 Syria
1175 3088 1252 3132 con.

198 3167 333 3226 teratur.
383 3159 480 3239 Quod
519 3165 639 3235 autem,
679 3165 719 3223 ut
755 3160 860 3237 aiunt,
905 3161 1108 3247 Reginaldus
1146 3167 1252 3234 erchi-

199 3263 354 3330 diaconus
375 3262 518 3346 jactitat,
542 3261 630 3348 quod
662 3260 698 3324 hi
731 3263 840 3327 nuntii
873 3263 997 3330 domini
1020 3288 1115 3354 papae
1139 3291 1252 3338 omncs

198 3371 334 3430 conatus
366 3368 400 3429 et
434 3362 524 3427 facta
562 3362 797 3450 archiepiscopi
830 3360 1013 3451 ⁴apostolica
1050 3371 1249 3441 auctoritate

199 3465 416 3539 eructuabunt,
437 3463 501 3550 ipsi
524 3464 620 3548 plane
645 3462 839 3542 diffitentur,
861 3474 1043 3534 asserentes
1064 3491 1138 3536 cum
1157 3473 1251 3558 jura·

199 3574 318 3646 mento,
359 3566 448 3653 quod
487 3567 522 3630 in
561 3565 768 3652 dispendium
810 3567 1046 3657 archiepiscopi
1084 3573 1169 3639 nihil
1207 3599 1249 3643 ex

199 3671 365 3758 proposito
389 3668 519 3746 facient,
542 3668 599 3732 sed
624 3689 683 3733 nec
707 3668 811 3734 facere
833 3676 980 3756 possunt,
996 3673 1054 3739 aed
1069 3675 1251 3744 utilitatem

199 3774 269 3860 ejus
292 3780 327 3838 et
350 3772 504 3855 honorem
540 3771 691 3848 ecclesiae,
714 3772 973 3860 quibuscumque
1009 3778 1114 3843 modis
1136 3801 1250 3847 secunr

199 3876 277 3942 dum
312 3873 419 3940 Deum
454 3878 620 3960 poterunt,
653 3874 886 3959 procurabunt.
934 3876 978 3943 Et
1012 3879 1146 3964 quidem
1184 3883 1251 3950 illis

199 3977 305 4042 forma
336 3974 529 4063 praecripta
560 3981 618 4053 est,
654 3975 747 4060 cujus
779 3974 861 4041 fines
891 3978 1045 4046 excedere
1068 4003 1135 4048 non
1150 3985 1251 4053 aude·

66 4109 71 4116 ·
199 4080 294 4155 bunt,
317 4077 397 4162 quia
429 4075 471 4140 asl
505 4075 567 4140 hoc
595 4076 785 4162 juramento
817 4080 936 4143 arctati
960 4086 1049 4164 sunt,
1072 4084 1154 4151 adeo
1177 4091 1250 4172 qui·

200 4181 274 4245 (lem
307 4184 347 4243 ut
373 4178 459 4262 jussi
498 4177 576 4255 sint,
608 4178 673 4243 niai
707 4199 787 4265 pace
822 4180 972 4258 formata,
1006 4184 1042 4248 in
1076 4191 1251 4258 tantuma

201 4283 288 4369 regis
325 4281 520 4346 muneribus
564 4282 740 4360 abstinere,
774 4289 813 4350 ut
846 4306 906 4352 nec
940 4293 1094 4373 sumptus
1127 4292 1170 4356 ab
1212 4317 1250 4381 eo

205 4426 228 4435 ,.
237 4426 265 4432 ,...
280 4423 411 4431 ..—--
606 4423 703 4432 —-.
710 4424 849 4431 --.----.
1086 4428 1249 4446 ,ἡ

234 4501 241 4533 ¹
260 4500 381 4563 quoniam
395 4499 414 4548 Z
426 4519 432 4557 ς
450 4498 557 4562 quando,
569 4500 597 4549 L.
781 4501 792 4531 ⁵
810 4517 868 4564 quo,
879 4501 900 4551 Z
908 4522 915 4560 ;
933 4518 1015 4566 quom,
1027 4503 1057 4553 L.

232 4580 242 4612 ¹
259 4576 336 4637 modo,
347 4577 367 4627 Z
378 4598 384 4636 ς
401 4590 450 4628 om.
462 4577 492 4628 L.
782 4577 792 4607 ⁶
809 4579 844 4639 ia,
855 4593 905 4630 om.
919 4580 947 4630 Z.

232 4657 242 4689 ³
259 4655 359 4716 clamat,
373 4654 404 4713 Ο,
415 4656 456 4715 v;
474 4656 590 4711 clamant.
603 4656 636 4708 L.
781 4657 791 4695 ἴ
809 4674 900 4719 marro,
913 4659 944 4716 Ο,
959 4661 978 4710 Z
990 4682 997 4719 ς
1015 4663 1040 4710 ἐκ
1054 4669 1115 4720 aare,
1128 4663 1158 4716 L.

233 4738 243 4769 ⁴
260 4724 406 4801 repemonr.
421 4733 454 4784 V.
