3278 5662
337 755 402 818 330
775 766 953 815 emarcum.
1195 752 1274 834 [an.
1294 749 1390 827 1170,

336 959 352 985 “
375 952 528 1038 collapso,
560 953 655 1019 bonae
693 952 857 1017 memoriae
890 951 1103 1017 Theobaldus
1138 949 1390 1018 Oantuariensis

335 1062 353 1090 “
376 1055 645 1141 archiepiscopus,
669 1044 726 1140 qui
749 1074 809 1140 pro
838 1057 950 1120 vestra
974 1053 1190 1139 promotione,
1222 1076 1298 1121 cum
1320 1055 1390 1119 suia

335 1164 352 1190 “
376 1157 536 1234 omnibus,
568 1158 694 1223 labores
725 1157 926 1233 innumeros,
948 1155 1072 1221 damna
1094 1156 1331 1242 irreparabilia,
1355 1162 1390 1221 et

336 1266 351 1290 “
375 1257 520 1343 pericula
540 1259 683 1345 plurima
707 1264 889 1323 memoratu
912 1261 947 1323 et
978 1257 1086 1323 relatu
1112 1257 1285 1336 horrenda,
1318 1279 1389 1323 sus·

335 1367 351 1392 “
375 1359 509 1437 tinuit,¹
535 1382 685 1446 regnum,
708 1359 796 1445 quod
818 1359 855 1423 in
877 1358 977 1424 aliam
1014 1357 1175 1425 familiam
1193 1358 1265 1445 jam
1280 1365 1390 1426 trans·

335 1468 351 1493 “
374 1460 466 1538 ierat,
488 1459 568 1526 avi2
599 1460 701 1525 vestri
733 1459 845 1524 liberis
879 1456 1072 1538 restituit3³
1097 1480 1157 1526 vos
1194 1460 1332 1526 inunxit
1354 1465 1389 1526 et

347 1571 352 1595 ‘
376 1563 545 1628 coronavit
567 1564 604 1627 in
626 1584 746 1649 regem,
762 1565 923 1647 praesente
947 1561 1012 1627 isto
1029 1560 1230 1629 Eboracensi
1246 1562 1388 1648 Rogerio

335 1663 432 1749 “qui
454 1686 542 1731 nunc
564 1671 623 1742 est,
656 1669 690 1729 et
712 1664 767 1752 (ut
789 1662 897 1747 scitis)
919 1683 979 1729 nec
1004 1671 1205 1749 cooperante
1229 1685 1290 1731 nec
1313 1685 1392 1731 con-

347 1773 353 1797 ‘
376 1765 567 1842 tradicente,
590 1786 649 1831 nec
671 1764 798 1850 aliquid
813 1768 941 1850 agente,
966 1761 1029 1828 nisi
1058 1785 1097 1831 eo
1120 1765 1218 1831 modo
1242 1786 1307 1851 quo
1330 1764 1393 1828 mi-

335 1872 351 1899 “
375 1865 485 1930 nimus
508 1867 742 1952 episcoporum,
765 1865 864 1932 sacris
896 1864 1035 1929 indutus
1069 1865 1219 1931 vestibus
1252 1867 1391 1935 audiens

337 1973 354 1999 “
377 1965 536 2032 intererat
558 1966 771 2032 solemnitati.

381 2064 478 2133 “Cur
500 2089 576 2154 ergo
599 2073 694 2133 tanta
716 2068 876 2135 facilitate
899 2068 1022 2148 animi,
1044 2074 1105 2134 aut
1136 2069 1248 2155 potius
1283 2070 1389 2137 consi-

336 2177 353 2202 “
376 2168 545 2235 liariorum
568 2174 753 2235 vestrorum
775 2170 956 2256 pravitate,
971 2174 1115 2235 matrem
1140 2176 1284 2236 vestram
1300 2170 1389 2237 Oan-

337 2278 353 2302 “
377 2269 576 2336 tuariensem
614 2271 790 2347 ecclesiam,
831 2271 902 2336 sine
940 2291 1048 2338 causae
1085 2272 1282 2359 cognitione,
1315 2273 1393 2358 jure

338 2380 354 2405 “
377 2356 516 2458 antiouo
538 2373 711 2458 spoliastia
734 2373 822 2460 quod
855 2372 1032 2460 plusquam
1067 2373 1273 2460 nonaginta4
1294 2375 1391 2439 annis

338 2482 355 2507 “
378 2474 567 2543 inconcusse
589 2475 769 2562 possedisse
799 2475 1034 2562 dgnoaituro
1081 2475 1244 2561 Nunquid
1278 2496 1391 2563 perpe·

338 2582 356 2609 “
378 2579 472 2642 tuare
496 2576 647 2642 voluistis
669 2576 861 2642 inimicitias
887 2577 975 2643 inter
1000 2577 1172 2643 ecclesiam
1204 2582 1239 2644 et
1269 2563 1391 2642 'liberos

340 2686 357 2711 “
379 2682 532 2744 vostrost
576 2679 648 2743 Aut
670 2679 698 2743 si
724 2684 857 2743 tantum
889 2678 1159 2764 presumptionis
1193 2678 1391 2745 Eboracensi

339 2787 356 2812 “
379 2779 620 2867 archiepiscopo
642 2780 751 2845 fuerat
773 2779 1028 2866 indulgendum,
1052 2784 1092 2845 ut
1114 2801 1201 2846 novo
1224 2781 1294 2868 regi
1320 2802 1393 2845 mu-

342 2888 356 2913 “
382 2901 444 2945 nus
466 2881 718 2947 consecrationis
740 2880 955 2966 impenderet,
982 2901 1040 2945 cur
1072 2880 1276 2965 provinciam
1300 2901 1393 2946 suam

342 2983 542 3048 “excedens
575 2984 699 3048 invasit
730 2987 903 3047 nostram?
960 2980 1029 3046 Cur
1061 2986 1130 3046 tam
1162 2983 1271 3069 ipsum
1294 3003 1394 3069 quam

341 3084 600 3170 “suffraganeos
634 3091 763 3150 nostros
794 3085 831 3148 in
862 3083 987 3149 cumen
1021 3083 1255 3150 inobedientiae
1286 3085 1396 3171 impu·

340 3193 358 3218 “
381 3184 489 3252 listis?
534 3188 737 3273 Receperant
760 3188 848 3252 enim
881 3185 1114 3251 inhibitionem
1138 3187 1264 3251 domini
1287 3210 1394 3272 papae,

340 3295 357 3321 ‘¹
380 3309 422 3353 ne
444 3288 506 3355 hoc
528 3289 564 3353 in
592 3289 742 3353 absentia
773 3292 886 3353 nostra
917 3287 1054 3372 aliquo⁵
1090 3288 1186 3352 modo
1218 3311 1394 3373 praesume·

343 3398 358 3422 “
382 3395 464 3455 rent.
510 3389 661 3474 Denique
695 3390 723 3454 si
755 3389 1031 3453 substitutionem
1068 3387 1129 3452 filii
1161 3393 1195 3453 et
1227 3409 1393 3472 consecra·

341 3498 357 3522 ‘⁴
380 3490 504 3555 tionem
536 3490 761 3576 properabatis
794 3489 931 3575 impleri,
967 3511 1028 3556 cur
1059 3512 1123 3567 eos,
1149 3510 1230 3575 quos
1263 3490 1306 3555 ab
1339 3511 1393 3555 ore

342 3592 501 3655 “summi
535 3591 700 3678 pontificis
734 3592 932 3657 nominatim
955 3598 989 3657 et
1012 3613 1033 3656 a
1055 3591 1150 3657 nobis
1168 3593 1393 3657 excommuni-

344 3700 360 3726 “
384 3697 473 3759 catos
495 3714 564 3759 esse
587 3694 770 3772 constabat,
792 3715 813 3759 a
834 3695 922 3759 tanti
957 3694 1155 3759 sacramenti
1186 3693 1393 3759 solemnitate

343 3803 360 3827 ‘¹
383 3815 451 3860 non
480 3796 618 3862 curastis
651 3796 849 3862 excludere?
895 3795 1059 3880 Nunquid
1094 3796 1293 3860 consecratio
1324 3796 1396 3859 sine

343 3904 358 3929 ‘⁴
383 3896 556 3983 participio
579 3898 811 3963 exsecrationis
834 3917 901 3961 non
924 3897 1109 3961 videbatur
1132 3896 1302 3983 implenda
1316 3901 1326 3961 Ζ
1339 3895 1355 3919 ”

386 3995 449 4063 His
472 4003 506 4065 et
527 3998 678 4086 pluribus
701 3998 775 4064 aliis
798 3999 841 4062 ad
871 3997 962 4063 hunc
987 3997 1166 4063 articulum
1197 3999 1393 4083 pertinenti·

343 4100 417 4180 bus,
440 4122 513 4185 quae
536 4098 744 4187 epistolaris'3
767 4100 914 4165 brevitas
937 4120 1003 4164 non
1035 4099 1196 4176 admittit,
1220 4099 1395 4185 diligenter

375 4327 381 4358 ¹
400 4337 432 4387 et,
444 4327 491 4377 ins.
504 4327 533 4378 L.
892 4343 909 4373 r
928 4324 1070 4384 intertium,
1090 4325 1130 4386 0,
1151 4327 1286 4388 ceroptata,
1304 4326 1339 4386 Z,
1357 4342 1397 4376 oc-

374 4431 384 4463 2
402 4431 436 4480 ab
448 4434 541 4492 avt-'L'
893 4404 1017 4468 taapintc,
1028 4404 1058 4453 L.

460 4538 464 4548 ι
500 4538 504 4548 ¹
925 4482 935 4513 ⁵
954 4482 981 4530 in
992 4481 1086 4545 aliptae,
1098 4483 1132 4532 V.

373 4534 384 4568 t
401 4543 523 4599 rettulisti,
534 4552 584 4587 om.
596 4537 626 4586 L.
926 4560 936 4591 a
953 4560 1105 4625 emman-3,
1126 4561 1160 4622 A,
1180 4563 1212 4622 Ο,
1230 4561 1266 4623 V,
1285 4563 1320 4622 23
1339 4569 1398 4611 pm,

374 4643 385 4675 ⁴
401 4641 490 4704 lxxxx,
501 4643 541 4701 Α;
560 4640 699 4703 lxaeae,with
718 4657 734 4691 a
755 4641 839 4691 fourth
889 4640 969 4704 poris,
982 4638 1015 4689 L.
