3278 5662
348 756 412 820 252
787 773 966 823 misroen
1206 756 1285 843 [au.
1304 762 1399 831 1170.

348 966 364 991 “
388 959 423 1022 in
446 967 480 1024 te
503 960 605 1024 frater
632 965 720 1036 tuus,
744 960 878 1046 increpa
908 958 1013 1038 illum,
1037 966 1071 1026 et
1093 960 1144 1026 si¹
1166 960 1399 1046 poenitentiam

348 1078 364 1104 “
388 1073 499 1157 egerit,
522 1073 654 1138 dimitte
677 1073 733 1138 illi
782 1074 826 1138 Et
848 1072 902 1137 si²
931 1073 968 1137 in
991 1073 1043 1138 die
1066 1074 1252 1159 peccaverit
1286 1075 1322 1138 in
1355 1080 1399 1150 te,

347 1181 362 1207 “
387 1180 421 1239 ot
443 1176 564 1261 septies
595 1175 632 1239 in
655 1177 709 1240 die
732 1197 908 1242 conversus
931 1176 1033 1241 fuerit
1055 1177 1098 1241 ad
1120 1181 1164 1255 te,
1187 1177 1300 1242 dicens
1322 1176 1399 1241 Ρω-

347 1286 363 1311 “
387 1276 473 1343 uitet
498 1300 559 1354 rrae,
582 1278 715 1344 dimitte
737 1279 814 1343 illi.’'
861 1278 1029 1345 Paeniteat
1051 1300 1135 1366 ergo,
1159 1280 1188 1344 si
1211 1285 1320 1344 vestro
1344 1279 1398 1344 vel

345 1379 453 1444 alieno
474 1377 680 1445 ministerio³
713 1382 916 1448 fructuosam
949 1381 1113 1447 desiderat
1146 1402 1280 1467 paeem3
1311 1381 1398 1467 quia,

346 1487 385 1544 ut
407 1482 457 1546 ait
478 1482 664 1567 apostolus:
697 1483 793 1547 Nulli
816 1489 931 1549 contra
952 1485 1128 1549 veritatem
1151 1483 1277 1568 aliquid
1299 1482 1401 1548 lieet.⁴

347 1581 417 1649 Nee
449 1584 582 1649 omnino
614 1584 798 1650 dimittitur
834 1590 1013 1670 peccatum,
1047 1585 1122 1661 nisi,
1156 1606 1231 1650 eum
1261 1584 1400 1650 facultas

346 1683 456 1760 adsit,³
487 1685 685 1750 restituatur
717 1685 875 1750 ablatum.
922 1686 993 1750 Aut
1026 1687 1115 1751 enim
1149 1685 1251 1750 verba
1274 1685 1397 1751 Christi

346 1787 563 1871 superfluunt,
596 1792 656 1852 aut
690 1788 867 1865 conversio,
897 1788 1105 1874 poenitentia,
1134 1785 1198 1853 et⁰
1220 1808 1298 1853 vera
1323 1808 1400 1852 eon·
1509 1778 1512 1782 ⁴

347 1887 446 1952 fessio
468 1888 649 1953 necessaria
668 1894 748 1953 sunt
770 1889 967 1954 adveniam
990 1889 1247 1975 promerendam.

791 2327 952 2394 DCXLV.

373 2477 533 2544 Jomsns
555 2479 845 2544 Snansnfflmuus
868 2481 1031 2545 Rosearo
1054 2476 1247 2545 saes1sr1u⁷
1271 2477 1378 2563 [Oan-

769 2583 979 2666 rtemann}

544 2733 589 2796 (Ο.
603 2736 667 2791 205;
686 2735 714 2782 Z.
727 2749 751 2781 r.
766 2738 813 2793 13,
831 2734 897 2796 Lup.
911 2750 935 2783 v.
950 2737 993 2793 133
1012 2733 1056 2784 Jo.
1068 2732 1123 2783 Sar.
1136 2733 1207 2792 294.)

181 2884 317 2948 Prospectu
392 2864 613 2929 Devotionem
643 2887 742 2950 quam
773 2863 928 2929 habetis⁸
957 2864 1000 2928 ad
1039 2887 1091 2928 me
1126 2865 1264 2928 nuntius
1294 2868 1404 2928 vester

180 2951 303 3015 ⁰fp⁰⁸⁰⁰·
348 2966 525 3052 diligenter
547 2967 711 3051 exposuit,
735 2972 770 3030 et
792 2988 844 3030 me
867 2987 934 3030 non
957 2966 1164 3031 mediocriter
1185 2966 1228 3030 ad
1262 2965 1403 3030 referen-

349 3069 407 3132 das
441 3070 576 3153 gratias,
607 3073 770 3154 quantum
803 3069 913 3132 verbis
947 3069 1067 3154 potuit,
1101 3068 1269 3153 obligavit.
1317 3067 1402 3134 Cum

348 3172 436 3235 enim
460 3194 512 3236 ine
546 3176 642 3235 tanto
667 3171 776 3236 exsilii
810 3182 956 3255 tempore
979 3178 1107 3236 veteres
1140 3171 1238 3235 amici
1272 3190 1404 3256 prorsus

348 3274 518 3337 omiserint
541 3280 574 3337 et
598 3273 864 3356 contempserint,
888 3271 963 3335 illi⁹
986 3273 1044 3357 qui
1060 3272 1177 3338 saltem
1200 3274 1288 3337 bona
1303 3273 1404 3336 verba

348 3374 494 3439 subhac
518 3378 714 3459 tempestate
747 3373 938 3458 proscriptis
961 3375 1214 3451 communicant,
1236 3373 1288 3439 his
1323 3394 1404 3458 quos

349 3475 406 3538 alii
429 3481 705 3561 contempserunt,
740 3476 922 3559 praesertim
956 3497 1031 3540 cum
1053 3476 1193 3541 facultas
1225 3497 1292 3540 non
1324 3495 1403 3560 sup·

349 3582 443 3661 petat
464 3582 505 3640 ut
528 3598 581 3640 eos
605 3597 701 3661 opere
737 3575 955 3652 consolentur,
985 3577 1164 3642 amicitiam
1198 3583 1297 3663 prout
1329 3598 1403 3662 pos·

349 3683 428 3742 sunt
465 3679 620 3744 videntur
654 3676 767 3754 colere,
800 3684 834 3743 et
867 3678 1058 3743 ulteriorem
1095 3680 1237 3764 gratiam
1275 3700 1403 3764 prome·

349 3783 422 3846 reri.
469 3782 640 3866 Siquidem
689 3782 775 3846 ratio
820 3803 887 3845 nen
926 3781 1036 3845 minus
1073 3782 1258 3846 animorum
1303 3802 1402 3866 quam

349 3905 458 3947 rerum
474 3897 591 3968 pensat
614 3883 789 3968 impendia,
806 3888 981 3968 censetque
1003 3883 1253 3969 praeponderare
1276 3883 1402 3947 lancem

363 4037 479 4047 ...ι-

385 4121 392 4152 ¹
410 4121 441 4180 si,
453 4119 510 4181 ina,
520 4121 568 4169 but
579 4126 624 4168 not
636 4118 663 4167 in
673 4119 730 4168 Lat.
739 4118 854 4183 Vulgate
932 4117 943 4149 ⁵
961 4115 1036 4175 obsit,
1048 4117 1080 4167 Ο.

353 4201 429 4261 (Luc.
441 4198 504 4249 xvii.
518 4202 555 4260 4).
933 4195 944 4227 ⁰
961 4202 993 4255 et,
1005 4212 1054 4245 om.
1068 4197 1099 4247 L.

384 4277 395 4310 ²
412 4279 504 4342 septies
516 4278 543 4326 iu
554 4276 603 4338 die,
614 4276 644 4326 L.
933 4273 943 4311 ⁷
961 4274 1060 4323 cuidam
1071 4275 1149 4323 amieo
1160 4272 1257 4336 (lorll.
1265 4275 1403 4337 seorim),

385 4356 396 4388 ³
412 4356 557 4416 ministerio,
568 4370 618 4404 om.
630 4354 660 4403 L.
901 4353 931 4402 L.

386 4436 396 4467 ⁴
415 4436 528 4497 Perhaps
545 4435 588 4482 the
605 4436 734 4482 reference
752 4448 811 4496 may
824 4433 856 4480 be
934 4433 945 4463 ⁸
964 4431 1049 4491 tubes,
1062 4433 1093 4482 G.

352 4525 380 4563 to
394 4514 430 4563 II.
445 4513 504 4564 Cor.
518 4511 571 4560 xiii.
583 4517 609 4572 8,
621 4512 704 4561 “Non
721 4511 786 4560 enim
800 4525 858 4574 poa·
939 4511 949 4542 ⁹
966 4511 1015 4572 illi,
1027 4513 1055 4571 Z,
1068 4512 1107 4571 L;
1124 4511 1185 4574 illia,
1197 4514 1229 4573 0,
1242 4513 1272 4564 3.

352 4597 369 4621 ¹⁸
390 4606 477 4640 sumus
487 4589 581 4652 aliquid
589 4591 711 4639 adversm
718 4587 859 4648 veritatem,

350 4675 367 4700 ‘¹
387 4672 433 4720 sed
445 4686 492 4734 pro
504 4667 636 4719 veritate.”
