3278 5662
267 853 269 856 <
369 820 433 882 452
801 835 985 885 srrsroan.
1231 820 1312 907 [an.
1330 826 1427 892 1171.

372 1015 528 1095 Franciae,
544 1019 614 1084 dux
637 1026 671 1086 et
685 1022 898 1108 archipraesul
918 1023 1098 1101 Remensis,
1121 1024 1275 1091 dominus
1299 1022 1427 1089 Willel-

373 1140 446 1183 mus
490 1120 688 1188 Albimanus
726 1122 924 1190 senonensis
962 1127 1233 1214 archiepiscopus,
1276 1126 1431 1192 dominus

373 1219 518 1287 Joannes
541 1223 582 1288 de
609 1224 769 1290 Bellesme
806 1226 1031 1306 Pictaviensis,
1058 1229 1212 1294 dominus
1242 1226 1432 1294 Bernartius

375 1322 599 1405 Nivemensis,
632 1328 784 1414 episcopi,
819 1329 1001 1396 Galliarum
1044 1336 1165 1417 patres,
1209 1333 1432 1398 narraverunt

375 1426 471 1492 nobis
486 1449 568 1514 opus
590 1430 680 1514 quod
702 1432 828 1516 operati
851 1437 931 1498 sunt
952 1432 1074 1518 perditi
1097 1433 1233 1518 quidam
1247 1430 1433 1504 homicidae,

376 1549 444 1595 non
466 1552 525 1595 rex
547 1530 685 1617 Anglus,
708 1553 789 1618 opus
805 1533 889 1598 illud
904 1534 1077 1613 nefarium,
1093 1535 1268 1622 indignum
1289 1534 1433 1619 homine,

376 1632 482 1698 multo
497 1633 603 1718 magis
617 1654 694 1718 rege
716 1634 868 1721 benigno,
883 1635 1093 1714 misericordi,
1112 1643 1293 1716 mansueto,
1308 1633 1434 1701 nemini

375 1755 444 1799 non
465 1733 633 1800 benevolo.
679 1733 832 1821 Corpora,
855 1737 1018 1816 dicebant,
1049 1740 1259 1826 magnanimo
1280 1739 1363 1805 satis
1385 1739 1437 1802 est

377 1843 556 1926 prostrasse
570 1837 666 1915 leoni,
682 1837 893 1905 humiliatum
916 1860 1024 1905 coram
1040 1845 1082 1918 te,
1105 1841 1235 1927 Anglia,
1258 1839 1434 1926 primatem

379 1941 551 2006 dominum
573 1938 730 2004 Thomam
749 1938 1031 2020 cantuariensem,
1053 1943 1095 2008 de
1117 1943 1208 2029 regia
1230 1948 1290 2008 tua
1313 1941 1342 2007 Ο
1373 1961 1433 2005 rex

380 2042 487 2108 salute
509 2041 686 2107 sollicitum
709 2048 837 2128 patrem
869 2046 1057 2110 occubuisse
1087 2045 1202 2110 ferunt
1230 2043 1350 2131 gladiis
1372 2043 1434 2107 im·

385 2145 515 2230 piorum
548 2142 707 2209 Willelmi
750 2143 791 2209 de
824 2145 970 2224 Theraei,
1014 2146 1167 2233 Hugonis
1198 2147 1239 2212 de
1272 2145 1433 2223 Morville,

384 2245 543 2311 Willelmi
572 2244 604 2310 le
639 2245 771 2323 Bmton,
803 2247 944 2313 Renaldi
980 2249 1074 2326 Urse,
1107 2272 1188 2335 quos
1219 2249 1248 2314 si
1279 2247 1435 2323 emiseris,

213 2372 364 2426 ramat
386 2347 534 2415 occidisti
557 2353 592 2412 et
629 2353 667 2413 tu
700 2370 798 2433 quem
833 2350 1029 2416 occiderunt.
1075 2352 1176 2417 Absit
1209 2351 1270 2418 hoc
1307 2371 1328 2415 a
1358 2370 1434 2434 rege

213 2507 283 2573 king.

214 2441 362 2507 ⁸0s⁰³¹⁸²¹¹0
386 2450 527 2538 Angliae.
574 2447 652 2513 Non
674 2448 770 2515 credo
786 2455 820 2514 te
842 2451 924 2516 adeo
948 2451 1073 2517 foedum
1096 2453 1284 2539 designasse
1298 2449 1434 2516 facinus.

382 2554 436 2618 Ad
471 2553 574 2618 solam
609 2552 790 2617 vindictam
826 2552 1080 2631 malefactorum,
1103 2553 1234 2619 laudem
1267 2574 1345 2618 vero
1376 2552 1435 2618 bo·

382 2678 508 2738 norum,
543 2654 691 2740 gladium
714 2663 833 2739 portas.
880 2654 973 2719 Inter
1010 2656 1174 2741 agendum
1212 2656 1254 2719 de
1284 2653 1435 2740 politicis,

382 2757 579 2823 Thseroneus
609 2778 715 2822 comes
739 2755 893 2841 Illyricus
925 2755 1069 2822 declarat
1102 2778 1220 2843 regem,
1243 2757 1280 2821 in
1301 2776 1362 2821 sua
1384 2757 1436 2821 in·
1544 2746 1546 2750 ’

382 2862 556 2928 stitutione
579 2865 613 2924 et
635 2858 899 2945 inauguratione,
915 2865 1107 2944 perpetuam
1123 2860 1159 2923 in
1182 2882 1216 2925 se
1238 2859 1380 2944 recipere
1402 2862 1438 2923 et

390 2984 509 3029 vovere
533 2960 767 3047 obligationem
790 2960 878 3024 bene
895 2959 1055 3046 beateque
1077 2962 1223 3039 vivendi,
1246 2965 1436 3046 rectumque

382 3065 547 3152 judicium
585 3062 789 3129 observandi.
851 3061 991 3148 Magnus
1041 3062 1097 3127 ille
1134 3065 1339 3130 sacerdotum
1372 3062 1437 3127 Dei

385 3170 513 3246 Joiada,
536 3169 614 3233 dum
648 3171 855 3233 conservaret
886 3165 922 3228 in
944 3187 1052 3250 regem
1076 3164 1177 3231 Israel
1208 3171 1437 3232 conservatum

388 3270 559 3358 usquead
593 3276 723 3355 ternpus
768 3267 847 3332 Joas
880 3266 986 3330 filium
1022 3266 1165 3344 Okosiae,
1198 3289 1296 3352 quern
1326 3267 1438 3333 furata

389 3374 500 3438 fuerat
537 3371 640 3436 amita
677 3368 748 3454 ejus
786 3367 909 3433 Josaba
947 3368 987 3433 de
1026 3368 1134 3434 medio
1171 3368 1314 3433 filiorum
1352 3369 1438 3454 regis

389 3473 523 3540 Okosiae
547 3472 604 3557 qui
627 3468 911 3536 interficiebantur
934 3490 954 3533 a
978 3468 1057 3555 lupa
1080 3469 1138 3534 illa
1160 3468 1304 3547 Athalia,
1327 3469 1439 3556 posuit

386 3575 441 3642 hic
463 3573 612 3641 sacerdos
645 3593 743 3656 super
761 3570 920 3656 juvenem
954 3592 1062 3656 regem
1098 3570 1250 3636 diadema
1280 3576 1315 3636 et
1344 3571 1439 3635 testi-

388 3676 545 3744 monium.
585 3674 681 3756 Quod
704 3679 753 3739 eat
776 3673 1030 3738 testimonium?
1076 3673 1238 3739 Volumen
1262 3672 1343 3759 legis
1365 3672 1440 3752 Dei,

389 3787 427 3849 ut
449 3781 580 3847 doceret
613 3799 705 3863 reges
739 3797 760 3841 a
792 3776 846 3841 die
867 3775 1005 3841 solemni
1040 3776 1260 3842 coronationis
1281 3797 1349 3841 suoe
1372 3775 1439 3840 sin-

388 3884 549 3972 gulariter
580 3880 719 3966 astringi
751 3879 833 3965 legis
865 3879 989 3944 divinae
1023 3877 1127 3965 praxi.
1168 3878 1350 3944 Recordare
1381 3879 1438 3942 do·

388 3989 485 4063 mine,
520 3985 600 4072 quid
637 3981 793 4049 acciderit
828 3981 899 4056 tibi,
935 3981 963 4046 Ο
994 4002 1061 4058 rex,
1094 4002 1168 4047 cum
1202 3980 1440 4048 consecrandus

388 4112 474 4158 esses
489 4110 548 4174 per
562 4106 679 4150 manus
695 4083 866 4148 reverendi
882 4082 987 4167 patris
1002 4081 1190 4159 Theobaldi,
1205 4081 1440 4168 archiepiscopi

394 4186 654 4263 Cantauriensis,
677 4185 730 4249 die
765 4184 921 4249 vicesimo
954 4183 1153 4261 Decembris,
1177 4189 1212 4248 et
1245 4183 1332 4269 quod
1359 4203 1442 4268 -pro-

393 4294 565 4360 sessionem
587 4289 674 4352 hanc
696 4287 731 4350 in
755 4284 908 4350 manibus
931 4285 1156 4370 episcoporum
1180 4283 1440 4350 consecrantium

392 4395 599 4462 emiseris'-“
611 4390 680 4475 Ego
714 4386 886 4462 Henricus,
915 4386 993 4451 Deo
1025 4391 1194 4451 annuente
1217 4386 1349 4451 futurus
1380 4406 1441 4451 rex

343 4560 347 4568 ,
393 4507 408 4533 “
433 4495 573 4582 Angliae,
597 4491 753 4578 profiteor
787 4494 821 4553 et
851 4488 1009 4573 promitto
1032 4509 1141 4554 coram
1164 4487 1236 4554 Deo
1259 4493 1294 4553 et
1315 4487 1442 4575 angelis

394 4597 588 4680 “deinceps
623 4591 739 4676 legem,
770 4588 948 4673 justitiam,
979 4593 1013 4653 et
1044 4609 1158 4674 paoem
1196 4587 1339 4655 ecclesiae
1377 4587 1442 4653 Dei

393 4709 410 4734 “
436 4697 622 4785 populoque
644 4692 727 4758 mihi
751 4690 924 4777 subjecto.'’
970 4691 1015 4754 Et
1038 4690 1182 4768 attende,
1207 4712 1327 4776 quaeso,
1355 4689 1443 4776 quod

392 4805 426 4866 ct
458 4798 512 4866 cui
543 4793 735 4883 promisist'.
782 4791 950 4877 Scriptum
989 4796 1040 4856 est
1070 4792 1176 4857 enim:
1215 4792 1370 4858 “Vovete
1408 4797 1443 4858 et
