3278 5662
170 1095 290 1157 injustior

169 1162 200 1211 os
208 1161 250 1210 tho

171 1227 255 1279 Curia.

185 3222 226 3271 He
238 3235 274 3269 re·

184 3286 305 3351 proaches

184 3354 228 3402 the
242 3352 326 3403 Curia.

336 775 399 837 282
784 786 966 837 ammona.
1194 771 1275 854 [an.
1292 769 1390 838 1170.

335 974 446 1038 silium
480 982 514 1039 et
545 973 817 1058 proscriptionem
840 977 988 1039 nostram
1016 973 1089 1059 jam
1120 993 1179 1058 per
1201 994 1260 1037 sex
1283 993 1388 1038 annos

336 1077 501 1162 protraxit
515 1074 635 1154 Ouria3
651 1077 842 1141 innocentes
858 1076 971 1140 miseri
988 1096 1047 1160 pro
1062 1074 1219 1140 libertate
1243 1074 1386 1141 ecclesiae

336 1178 440 1263 gratis
471 1178 505 1239 in
545 1177 662 1241 itinere
700 1176 879 1262 perierunt,
911 1183 945 1240 et
984 1180 1210 1260 persecutores
1244 1176 1387 1241 ecclesiae

337 1277 464 1363 spolia¹
496 1285 608 1341 nostra
646 1277 869 1343 cardinalibus
902 1283 938 1341 ct
970 1277 1152 1342 curialibus
1186 1277 1389 1361 promittunt

337 1386 372 1444 et
394 1379 600 1465 largiuntur3
623 1386 658 1443 et
680 1376 748 1445 εἰσ2
783 1375 968 1444 Barrabas³
989 1378 1175 1443 dimittitur
1198 1383 1233 1442 et
1263 1378 1392 1443 crucifi·

337 1483 427 1568 gitur
461 1481 621 1546 Christus.
669 1479 855 1546 Creditores
887 1479 1042 1545 exhausti
1076 1486 1163 1557 sunt,
1188 1485 1222 1544 et
1257 1481 1285 1544 si
1309 1501 1390 1565 quos

339 1584 492 1648 movebat
518 1583 685 1646 miseratio
720 1582 829 1646 exsilii
852 1583 967 1657 nostri,
992 1580 1098 1645 visis⁴
1130 1580 1181 1646 his
1206 1602 1281 1666 quae
1303 1581 1391 1645 fiunt

339 1707 360 1749 a
382 1685 514 1748 domino
548 1704 642 1769 papa,
668 1684 849 1746 mittuntur
872 1683 908 1746 in
939 1683 1213 1768 desperationem.
1259 1681 1324 1747 Sed
1358 1687 1392 1745 et

340 1787 411 1851 haee
445 1787 481 1849 in
511 1791 622 1849 monto
661 1784 823 1848 Dominus
857 1784 996 1861 videbit,
1035 1790 1069 1848 et
1105 1784 1272 1869 judicabit
1310 1785 1392 1848 fines

341 1895 437 1952 terrae
461 1887 617 1970 Majestas
640 1885 698 1951 illa
721 1886 878 1950 terribilis
894 1908 968 1970 qua-o
992 1886 1102 1952 aufert
1124 1885 1279 1970 spiritum
1302 1884 1393 1971 prin·

342 1990 461 2072 cipum.
507 1987 578 2051 Nos
601 2009 658 2072 per
681 1987 822 2071 gratiam
855 1987 935 2071 ejus,
960 1988 1030 2050 sive
1055 1988 1135 2064 vivi,
1159 1988 1230 2052 sive
1262 1986 1395 2063 mortui,

345 2090 446 2172 ipsius
481 2111 593 2152 sumus
618 2093 651 2153 et
674 2090 814 2167 erimus;
836 2087 944 2173 parati
969 2109 1031 2172 pro
1061 2088 1216 2153 libertate
1250 2088 1394 2154 ecclesiae

345 2191 508 2269 exsilium,
532 2191 813 2276 proscriptionem,
836 2195 871 2253 et
894 2190 1005 2254 omnia
1029 2191 1146 2255 mundi
1179 2191 1395 2265 incommoda,

345 2291 502 2376 quamdiu
519 2291 603 2376 ipsi⁵
619 2290 727 2354 visum
747 2290 855 2367 fuerit,
871 2292 1043 2356 sustinere.
1090 2292 1231 2356 Utinam
1247 2292 1396 2357 invenia-

346 2413 422 2456 mur
452 2392 543 2477 digni
579 2392 637 2475 qui
669 2393 930 2476 persecutionem
967 2415 1026 2478 pro
1055 2393 1191 2478 justitia
1222 2393 1395 2479 patiamur.

347 2494 444 2561 Certe
476 2493 518 2558 ob
552 2493 638 2560 hano
675 2491 830 2559 causaml
852 2514 919 2557 non
952 2495 1050 2560 modo
1073 2493 1304 2573 cardinalibus,
1337 2495 1396 2579 qui

348 2597 489 2664 ecclesiae
510 2596 710 2661 auctoritate
741 2595 911 2661 ecclesiam
936 2596 1145 2682 impugnant,
1169 2618 1236 2676 nos,
1259 2603 1300 2661 ut
1330 2596 1397 2661 Do·

347 2699 439 2763 mino
461 2698 635 2783 placuerit,
659 2698 860 2781 torquendos
892 2697 1107 2782 exponimus;
1131 2698 1188 2763 sed
1212 2698 1274 2763 etsi
1305 2703 1398 2762 totus

349 2801 491 2864 mundus
525 2801 628 2884 (quod
650 2799 752 2883 absit)
786 2799 948 2885 insurgat,
975 2798 1018 2863 ab
1052 2798 1196 2865 ecclesiae
1229 2799 1400 2878 fidelitate,

349 2923 449 2986 quam
471 2901 608 2987 professi
643 2922 765 2977 sumus,
789 2900 860 2965 Deo
892 2901 1083 2976 miserante,
1106 2920 1173 2966 non
1206 2903 1401 2968 recedemus.

351 3002 415 3067 Oui
438 3004 479 3067 de
502 3010 619 3068 caetero
643 3025 730 3069 curre
754 3003 799 3065 sit
822 3008 856 3066 et
883 3004 989 3067 nostri
1012 3002 1170 3079 misereri,
1194 3008 1228 3067 et
1251 3003 1402 3078 ecclesia,

351 3125 450 3188 quam
474 3106 651 3190 apostolica
674 3105 766 3168 sedes
790 3104 940 3188 exponit,
965 3104 1052 3167 tueri
1087 3104 1286 3169 libertatem.
1334 3104 1403 3169 Nos

352 3227 392 3269 ex
417 3206 584 3291 proposito
607 3206 741 3270 Curiam
766 3226 833 3269 non
850 3204 1057 3281 vexabimus,
1083 3204 1230 3269 sedeam
1253 3205 1405 3271 cedemus

352 3308 417 3371 illis
441 3328 581 3391 quorum
614 3307 659 3368 ibi
684 3314 875 3390 acceptatur
900 3305 1071 3391 iniquitas,
1103 3310 1138 3369 et
1160 3306 1218 3388 qui
1242 3304 1404 3369 venalita-

352 3417 420 3474 tem
444 3408 515 3492 ejus
546 3408 729 3492 praedicant
755 3415 789 3471 et
813 3408 979 3473 cantitant
994 3408 1030 3471 in
1054 3405 1182 3491 plateis.
1231 3405 1405 3472 Parcentes

353 3518 465 3576 autem
496 3510 692 3574 reticemus⁷
724 3510 805 3593 quid
841 3509 962 3594 quibus
997 3530 1039 3574 ex
1072 3528 1170 3574 causa
1201 3507 1404 3574 mercimonii

355 3611 456 3696 hujus
490 3612 648 3675 donatum
682 3618 740 3686 est,
776 3611 856 3695 quid
891 3611 1099 3696 promissum.
1163 3607 1233 3674 Nec
1265 3609 1405 3674 dubium

356 3713 438 3797 quin
479 3711 581 3796 aliqui
618 3733 731 3776 eorum
769 3714 826 3796 qui
866 3713 1124 3799 triumphatores
1162 3711 1341 3787 redierunt,
1374 3731 1407 3775 se

355 3834 422 3880 non
446 3814 666 3899 triumphasse
699 3814 886 3879 maluerint.
937 3815 1003 3879 Vos
1026 3820 1138 3878 autem
1172 3812 1230 3898 qui
1265 3813 1408 3880 eeclesiae

355 3916 575 4001 patrocinium
599 3916 634 3978 in
657 3922 752 3981 tanto
775 3915 921 4001 periculo
945 3915 1145 4000 suscepistis,
1163 3916 1199 3979 in
1224 3916 1312 3982 bono
1335 3937 1407 4001 per·

357 4023 504 4083 severate
528 4017 705 4102 proposito,
728 4039 795 4082 non
827 4017 941 4094 nostri,
965 4016 1023 4101 qui
1046 4015 1131 4080 nihil
1158 4037 1249 4102 posse
1273 4018 1410 4103 permit·

358 4120 470 4196 timur,
502 4119 789 4204 contomplatione,
815 4119 871 4182 sed
904 4117 1005 4193 illius,
1034 4117 1092 4202 qui
1115 4122 1265 4183 vestrum
1296 4119 1409 4205 procul

358 4221 458 4285 dubio
482 4222 517 4284 in
540 4221 760 4286 retributione
783 4220 877 4284 uberi
900 4218 1129 4284 remunerabit
1151 4219 1354 4305 obsequium,
1378 4225 1412 4287 et

391 4435 398 4466 ¹
417 4442 450 4494 et,
467 4434 516 4482 ins.
534 4433 574 4492 0;
593 4449 642 4484 orn.
660 4437 694 4497 by
712 4432 862 4493 correction,
946 4435 956 4465 ⁴
973 4434 1029 4492 nisi,
1041 4433 1076 4484 V.

387 4551 393 4566 ,
946 4512 955 4543 ⁵
973 4513 1062 4577 ipsum,
1073 4511 1109 4563 V.

392 4592 403 4624 ²
420 4591 464 4652 aio,
476 4590 507 4651 0,
520 4590 554 4650 Z;
572 4607 646 4652 ranno,
657 4591 688 4642 L.
946 4590 956 4623 ⁶
974 4607 1096 4651 comeam,
1107 4590 1138 4642 L.

393 4673 404 4706 ³
421 4669 568 4733 Barrabas,
578 4671 613 4733 A,
628 4670 659 4734 V,
672 4670 704 4733 0,
717 4672 746 4722 Z.
946 4669 957 4705 ⁷
974 4668 1113 4732 aalma,
1126 4671 1160 4722 V.

359 4517 385 4566 Α
