3278 5662
220 820 284 870 an.
303 802 412 889 1171.]
655 820 835 869 saissonis.
1201 809 1264 870 431

217 1004 279 1071 hoc
313 1005 445 1091 quidem
476 1029 518 1072 ne
550 1008 768 1073 consummari
803 1006 971 1071 videretur
1004 1005 1139 1070 invitus.
1196 1004 1266 1068 Deo

216 1108 328 1194 itaque
351 1111 469 1175 melius
492 1111 712 1197 dispensante,
744 1107 1055 1196 metropolitanam¹
1090 1107 1265 1184 ecclesiam,

217 1210 252 1272 in
275 1211 377 1296 ipsius
401 1211 526 1277 Christi
561 1212 684 1278 honore
716 1213 910 1289 dedicatam,
945 1213 1118 1298 ingressus,
1141 1210 1264 1274 ibidem

218 1312 361 1377 christus
389 1314 525 1379 Domini
548 1314 764 1400 pronomine
789 1314 915 1380 Christi
937 1313 1062 1378 meruit
1092 1312 1264 1387 immolari,

216 1414 273 1477 ubi
308 1416 454 1499 quotidie
489 1414 702 1481 immolatur¹
735 1413 793 1480 ct¹
832 1415 992 1480 Christus.
1039 1415 1084 1478 Et
1116 1413 1265 1478 sacerdos

214 1515 270 1580 ille
292 1517 465 1598 altissimi,
488 1523 579 1584 stans
602 1523 680 1591 ante
704 1517 820 1594 altare,
843 1523 878 1582 et
902 1538 1038 1592 erucem,
1063 1538 1163 1601 quam
1186 1521 1264 1579 ante

215 1639 249 1682 se
278 1624 406 1704 gestare
444 1625 668 1697 consueverat,
705 1620 849 1686 brachiis
881 1619 949 1684 suis
981 1618 1206 1706 complectens
1230 1622 1264 1681 ct

215 1742 319 1799 orans,
342 1723 527 1789 voluntarie
550 1745 584 1788 se
607 1723 715 1809 ipsum
738 1723 826 1787 inter
849 1723 954 1788 crucis
976 1728 1012 1786 et
1044 1721 1158 1786 altaris
1194 1741 1263 1785 cor·

214 1845 281 1887 nua
303 1825 470 1910 pacificam
502 1826 573 1891 Deo
607 1825 750 1890 hostiam
786 1824 916 1890 obtulit.
963 1823 1060 1900 Nam,
1084 1823 1262 1908 appropin-

215 1933 339 2010 quante
357 1928 429 2013 jam
452 1928 533 1993 hora
555 1929 730 2015 [passionis
742 1927 778 2013 ¹],
801 1929 881 2014 ipse,
898 1927 1019 1992 flexis¹
1042 1927 1182 2012 genibus
1206 1947 1262 1989 ex-

214 2033 307 2093 tento
322 2029 404 2095 collo
420 2037 454 2095 et
469 2036 606 2096 curvata
621 2031 754 2107 cervice,
770 2029 903 2096 calicem
926 2029 1112 2114 salut(ar)is
1127 2028 1264 2112 accepit,

214 2137 249 2194 et
271 2153 291 2194 a
313 2130 479 2216 quatuor¹
501 2131 750 2217 praenominatis
784 2131 1038 2218 spiculatoribus
1073 2129 1262 2194 decalvatus

214 2237 271 2308 est,
295 2232 386 2316 prius
409 2239 520 2298 tamen
543 2233 670 2319 probris
693 2239 728 2298 et
750 2232 959 2298 contumeliis
978 2231 1093 2296 multis
1115 2231 1263 2308 affectus,

212 2339 251 2397 ut
274 2355 334 2400 nec
356 2333 450 2400 ullo⁷
480 2335 641 2422 passionis
663 2334 800 2400 Domini
824 2333 899 2399 sui⁸
922 2333 1023 2399 titulo
1046 2333 1262 2398 fraudaretur.

214 2434 339 2521 Cujus⁹
361 2441 401 2500 ut
423 2437 458 2500 in
474 2436 545 2522 ipso
560 2436 668 2502 adhuc
683 2436 789 2502 forma
804 2437 908 2522 magis
930 2436 1133 2514 claresceret,
1148 2435 1262 2499 eadem

213 2537 294 2602 hora
316 2559 375 2623 pro
398 2537 595 2604 occisoribus
625 2539 694 2602 suis
717 2539 876 2615 exoravit,
900 2539 1057 2623 adjiciens
1092 2538 1193 2602 etiam
1228 2543 1263 2601 et

213 2640 481 2731 affectuosissime
504 2640 699 2727 supplicans,
716 2645 756 2705 ut
765 2639 790 2679 ¹⁰
804 2640 922 2705 saltem
937 2641 1064 2706 sensilia
1078 2662 1136 2704 sua
1152 2661 1261 2704 servu·

211 2747 303 2805 retur
318 2741 430 2806 illaesa.
478 2741 575 2807 Solus
587 2741 610 2779 ¹¹
626 2742 738 2827 itaque
754 2742 905 2828 pontifex
929 2763 996 2807 non
1013 2741 1084 2806 sine
1100 2741 1261 2827 sanguine

213 2843 354 2907 intravit
377 2843 411 2907 in
434 2843 557 2909 sancta.

257 2945 301 3010 Et
324 2946 402 3030 quia
425 2951 500 3032 post
515 2947 580 3011 viri
603 2947 709 3012 sancti
732 2946 921 3024 transitum,
938 2950 1094 3033 operante
1109 2945 1262 3021 Domino,

213 3051 423 3115 memoranda
460 3051 621 3136 quaedam,
652 3073 694 3115 ex
730 3051 845 3116 crebra
875 3050 1055 3115 multorum
1094 3049 1261 3124 relatione,

212 3139 400 3217 audiiimus
438 3152 601 3231 accidisse,
640 3153 773 3218 omnino
822 3153 985 3238 praeteriri
1026 3173 1094 3217 non
1131 3151 1261 3218 debent.

213 3253 345 3318 Dicitur
367 3275 508 3339 namque
531 3259 566 3319 et
588 3259 777 3319 constanter
799 3254 958 3319 asseritur
980 3259 1055 3340 post
1077 3253 1261 3339 passionem

212 3375 305 3419 suam
327 3354 441 3418 multis
463 3355 652 3440 apparuisse
676 3355 712 3419 in
740 3356 824 3430 visu,
856 3354 979 3440 quibus
1014 3353 1206 3441 perhibet¹¹
1227 3377 1261 3418 se

212 3478 279 3520 non
311 3461 477 3522 mortuum
501 3478 579 3532 esse,
612 3457 669 3522 sed
704 3457 825 3533 vivere,
858 3463 892 3522 et
923 3478 991 3522 non
1022 3458 1169 3535 vulnera,
1204 3457 1260 3522 sed

213 3558 386 3623 vulnerum
417 3564 551 3625 tantum
591 3561 758 3626 cicatrices
797 3559 980 3627 ostentat¹³
1041 3561 1112 3647 Age
1150 3561 1261 3648 igitur,

246 3788 463 3854 ¹metrop01icam,
474 3791 503 3839 Z.
795 3789 815 3823 ¹⁰
831 3799 859 3840 ut
881 3807 897 3839 a
920 3791 993 3840 malm
1017 3790 1185 3856 presentibus
1207 3791 1261 3857 ejus

245 3867 255 3898 ²
272 3865 419 3927 immolatur,
429 3867 464 3926 V,
482 3866 559 3928 P,Z;
577 3866 711 3928 immolans,
752 3867 861 3936 familis
871 3874 1015 3919 moretm
1025 3868 1116 3930 illusa,
1125 3869 1161 3919 Η.

212 3945 246 3996 L.
794 3946 811 3980 ¹¹
829 3947 921 4008 illeso,
931 3948 962 4008 P,
973 3948 1006 4007 Z;
1027 3963 1078 3997 om.
1089 3948 1119 3997 L.

244 4028 297 4077 ³et
322 4024 488 4076 Christus..
512 4063 519 4076 .
542 4025 711 4092 complectens,
793 4024 813 4058 ¹¹
826 4025 938 4090 probet?

211 4108 242 4168 P,
254 4105 295 4164 H;
313 4121 363 4156 om.
376 4107 408 4155 al.
794 4103 814 4137 ¹³
831 4103 951 4166 ostendat,
968 4105 1005 4164 V,
1026 4106 1063 4166 Ζ;
1083 4104 1198 4167 ostasdit,
1219 4104 1260 4166 L,

243 4198 405 4262 imponi„
416 4196 451 4248 11.
760 4187 875 4242 ostentat,
891 4182 926 4232 H.
962 4183 1029 4233 Here
1047 4185 1073 4233 Η
1091 4184 1137 4234 has
1154 4185 1198 4233 the
1212 4184 1261 4233 fol-

760 4260 857 4326 lowing
884 4277 1000 4327 passage,
1029 4261 1111 4313 which
1141 4278 1200 4327 may
1228 4265 1260 4313 bc

243 4380 253 4411 ⁶
273 4378 357 4428 mm
377 4379 403 4428 Η
760 4339 842 4404 safely
864 4342 987 4405 regarded
1009 4357 1038 4391 as
1059 4357 1075 4392 a
1096 4343 1159 4391 later
1181 4341 1260 4393 inser-

759 4420 1259 4551 ssessssssss:

243 4563 254 4594 ⁸
272 4562 417 4624 Πθηῑῖηῑω)
428 4562 467 4624 1²,
485 4563 591 4613 Domini
601 4564 649 4621 ὐἷι
660 4564 693 4613 ³1·
759 4580 775 4605 ‘⁸
792 4577 884 4627 nileste
908 4579 1055 4642 apparuisse
1077 4578 1185 4640 dieitur,
1214 4583 1259 4631 aad

274 4653 404 4716 Cujus..
423 4653 711 4723 ,sallcm,P;Deaua·
758 4658 776 4683 “
793 4655 903 4719 qualiter
926 4656 984 4716 hoc,
1006 4672 1057 4706 non
1086 4657 1205 4719 edissero,
1231 4668 1258 4708 ut

210 4733 283 4783 tinuit
295 4733 376 4792 etium,
388 4733 421 4781 al
760 4737 775 4762 ‘⁴
793 4733 900 4784 evitetur
909 4735 1041 4800 longitudo
1058 4736 1197 4798 sermonis,
1215 4741 1259 4789 sed

244 4290 254 4321 ⁶
264 4288 345 4353 stads
355 4288 466 4353 parribus,
478 4289 516 4350 P;
535 4304 584 4338 om.
596 4290 629 4339 al.
