3278 5662
250 810 316 861 au.
334 796 444 882 rna]
691 811 871 863 srrsronn.

696 1132 881 1200 DOXLIII.

298 1290 520 1355 Arnxmnro
544 1300 640 1353 raris
662 1287 810 1352 Tnonss
833 1287 1117 1353 Osmuasrsrsrs
1140 1302 1261 1355 suenr-

686 1405 880 1454 anscerus

334 1543 383 1603 (Α.
400 1545 454 1601 los,
467 1544 533 1599 2483
553 1540 583 1590 0.
596 1539 622 1589 ii.
637 1544 700 1599 169;
720 1541 747 1590 Ζ.
760 1538 793 1590 iv.
808 1544 855 1599 lo,
873 1541 939 1604 Lup.
951 1540 984 1589 iv.
1000 1543 1047 1599 rr,
1064 1540 1156 1592 Thena
1171 1545 1224 1604 19.)

298 1670 421 1735 Anima
459 1690 540 1745 mea,
579 1675 683 1754 pater,
717 1670 753 1732 in
791 1669 1016 1735 amaritudine
1049 1677 1107 1749 est,
1140 1673 1208 1758 qui,
1230 1694 1306 1740 cum
1320 1679 1465 1745 Complura

255 1773 381 1837 miseris
413 1771 620 1837 coexsulibus
654 1771 809 1848 moises
833 1793 898 1857 quo
931 1794 992 1859 per
1026 1772 1155 1839 litteras
1178 1781 1306 1842 vestros
1320 1747 1408 1877 ἓξὲξ,

254 1876 374 1961 quibus
397 1896 465 1951 nos,
488 1879 528 1938 ut
558 1873 692 1959 placuit,
715 1874 941 1959 suspendistis,
967 1877 1181 1962 opprobrium
1201 1880 1438 1945 homi-conduc·

254 1999 335 2041 num
358 1978 464 2042 factus
488 1998 560 2040 sum
584 1983 619 2041 ct
641 1976 782 2061 abjectio
806 1977 918 2063 plebis.
965 1978 1010 2043 Et
1034 1980 1136 2065 (quod
1158 1984 1306 2051 acerbius

256 2079 324 2144 urit
346 2080 491 2144 animam
523 2080 644 2160 arcam)
679 2078 813 2145 eeclesia
845 2078 908 2145 Dei
942 2079 1131 2164 iniquorum
1155 2086 1308 2171 exposita

256 2187 307 2245 est
341 2179 515 2246 voluntati.
570 2179 701 2265 Magnis
741 2181 823 2245 viris
863 2180 1082 2246 Flandrorum
1121 2186 1233 2251 comiti
1272 2194 1307 2254 et

257 2281 356 2347 uliis¹
380 2283 473 2369 regni
497 2279 740 2349 summatibus2
762 2288 949 2368 persecutor
971 2284 1115 2351 ecelesiis
1138 2293 1173 2352 et
1195 2296 1307 2356 noster

256 2391 379 2450 certam
402 2383 492 2470 pacis
515 2390 635 2449 nostrsc
658 2406 748 2470 spem
772 2383 918 2461 dederat,
940 2384 997 2450 sed
1029 2386 1065 2450 in
1088 2388 1198 2453 reditu
1221 2412 1306 2456 nun·

258 2490 379 2553 tiorum
403 2508 544 2561 suorum,
561 2491 673 2551 restra
695 2486 802 2551 fretus
825 2487 1034 2565 auctoritate,
1058 2489 1153 2554 nobis
1176 2512 1305 2558 omnem

257 2588 531 2654 reconciliationis
554 2588 723 2674 praeclusit
745 2589 843 2653 viam.
883 2589 939 2652 Illi
963 2612 1048 2675 ergo,
1071 2597 1106 2655 et
1128 2592 1185 2655 alii
1209 2596 1305 2661 amici

257 2691 360 2757 nostri
406 2690 486 2776 quid
524 2689 681 2769 facerent,
720 2690 766 2754 sie
803 2690 891 2754 facto
928 2695 1047 2768 vestre,
1080 2694 1173 2777 quasi
1212 2696 1307 2763 clava

258 2793 421 2859 Herculea
445 2792 587 2878 percussi
612 2800 646 2856 et
676 2791 822 2878 repulsi?
861 2792 1002 2856 Utinam
1026 2816 1100 2878 quae
1122 2817 1221 2882 super·
1245 2799 1307 2866 hoe

257 2896 407 2981 episcopi,
432 2901 466 2959 et
490 2914 645 2979 proceres,
669 2897 704 2957 et
726 2892 836 2977 plebes
858 2893 1031 2978 utriusque
1054 2897 1146 2981 regni
1170 2896 1308 2984 loquun-

258 3006 315 3064 tur
336 2997 468 3062 audiret
499 2996 588 3060 auris
611 3001 730 3069 vestra,
762 3003 796 3060 et
827 2995 941 3060 oculus
964 2996 1093 3062 videret
1116 3001 1308 3068 scandalum

257 3121 322 3186 quo
357 3099 483 3184 repleta
514 3103 566 3162 est
599 3097 734 3162 ecclesia
767 3096 946 3161 Gallicana.
993 3097 1079 3177 Quid
1116 3099 1156 3165 de
1190 3110 1309 3169 castere

257 3223 324 3267 nou
347 3199 494 3286 sperabit
517 3199 614 3263 borno
639 3198 702 3275 ille,
727 3198 786 3282 qui
809 3219 868 3283 par
890 3197 1040 3263 homines
1062 3200 1140 3265 solis
1163 3204 1308 3269 crimini-

258 3307 319 3369 bus
353 3300 434 3368 aut³
465 3302 540 3366 aliis
574 3300 711 3365 maculis
745 3300 890 3387 insignes
921 3301 967 3367 sic
999 3302 1217 3371 circumvenit
1250 3309 1307 3375 lra-

257 3409 372 3471 bentes
410 3403 536 3468 elavem
575 3401 734 3478 scientiis,
770 3408 804 3465 ct
847 3401 1088 3487 dispensatores
1138 3410 1308 3492 requitatis

256 3507 429 3581 srrbvertit,
454 3512 488 3569 ct
521 3504 645 3568 variis*
676 3503 809 3568 tenitat
831 3504 1150 3585 comminationibus,
1181 3518 1216 3575 et
1246 3513 1308 3577 im-

256 3609 352 3696 pellit
383 3606 470 3671 sedis
504 3604 693 3690 spostolicae
733 3604 966 3689 majestatem?
1013 3605 1091 3672 Non
1129 3615 1181 3675 est
1218 3615 1306 3678 eninr

256 3711 403 3785 dubium,
439 3707 521 3792 quin
555 3728 615 3771 ros
649 3706 797 3771 Joannes
830 3706 871 3770 dc
907 3706 1095 3772 Oxenesord
1133 3711 1307 3800 deceperit,
1319 3753 1433 3804 Johnor

255 3815 391 3898 impunc
425 3816 546 3873 tamen.
593 3807 638 3871 Et
669 3813 755 3873 certo
788 3807 894 3893 primo
917 3808 1033 3893 decipi,
1064 3815 1246 3896 praesertim
1271 3817 1307 3881 in
1321 3820 1421 3871 Oxforu

256 3938 291 3980 re
323 3917 428 3987 tanta,
463 3908 704 3974 ineornrnodum
736 3915 795 3985 cst,
829 3909 926 3993 quod,
961 3909 1039 3976 licet
1072 3914 1307 3996 dissimuletur,
1320 3886 1442 4003 ἓξὲξ

256 4022 328 4081 tota
361 4019 461 4078 aetate
494 4015 607 4075 nostra
641 4009 849 4076 cumdolore
882 4011 1004 4077 sentiet
1033 4015 1168 4082 ecclesia
1190 4019 1307 4105 Angli-

256 4139 347 4182 eana.
396 4116 441 4178 At
464 4113 517 4176 ille
543 4111 739 4177 venerabilis
762 4111 864 4177 abbas
888 4110 1003 4179 Sancti
1027 4116 1217 4201 Augustini,
1240 4123 1306 4206 qui,

256 4218 419 4304 quondam
452 4214 630 4279 inonachus
653 4214 816 4298 fugitiuis
847 4219 882 4278 et
904 4215 972 4277 suis
1003 4221 1305 4287 excommunicatus

255 4321 392 4396 meritis,
426 4317 593 4383 ecclesiam
629 4316 682 4381 cui
715 4337 803 4382 nunc
835 4325 955 4402 praeest
988 4317 1152 4404 dilapidat
1186 4329 1221 4387 et
1255 4324 1305 4389 in-

662 4468 665 4472 .
687 4466 778 4473 -----.--
811 4467 817 4473 ι
834 4468 855 4472 --
865 4466 1106 4477 -.-.·--...-.--.
1120 4472 1153 4478 -
1165 4473 1178 4479 ,,

289 4546 296 4577 ¹
314 4544 370 4601 ‘¹²55’
383 4544 415 4592 Α·
839 4539 850 4571 ³
867 4547 922 4599 “lib
934 4541 967 4601 Α,
980 4543 1013 4601 0,
1024 4542 1059 4601 Z,
1077 4559 1135 4603 uon,
1147 4546 1177 4595 L.

288 4626 298 4657 ²
315 4620 502 4682 sururuunu'lms,
522 4620 563 4677 0;
587 4616 756 4677 ructuantibus,
840 4618 850 4648 ⁴
868 4619 956 4677 coriis,
968 4620 1009 4679 Λ;
1028 4621 1108 4679 inuia
1120 4622 1150 4673 L.

256 4706 285 4763 Z,
297 4701 357 4751 with
371 4699 410 4749 ccl
421 4696 582 4762 mupnalidur
595 4696 678 4747 interl.

1204 4474 1226 4481 .-
1234 4476 1300 4483 --m-
