3278 5662
346 765 410 827 208
785 779 964 829 rrrsrotn.
1205 767 1285 850 [nn.
1303 762 1399 832 1170.

346 966 474 1030 consilii
498 967 557 1042 tui,
579 989 620 1031 ne
656 989 722 1031 non
753 967 859 1032 solum
892 973 1020 1052 partem
1055 974 1151 1034 terrac
1182 990 1281 1054 quam
1312 968 1400 1053 petit

347 1077 381 1132 et
405 1069 437 1131 iu
463 1091 519 1154 spe
543 1074 633 1133 certa
651 1069 722 1152 jam
745 1069 894 1135 obtinere
918 1070 1061 1146 videtur,
1084 1071 1141 1136 sed
1164 1076 1269 1135 totam
1296 1069 1397 1155 (quod

347 1170 446 1254 absit)
471 1175 593 1235 terram
623 1171 806 1236 absorbeat.
853 1171 893 1235 Id
916 1177 1039 1243 autem,
1063 1172 1099 1236 in
1129 1172 1216 1238 calce
1239 1172 1397 1237 sermonis

346 1293 405 1356 ego
432 1278 467 1336 et
500 1273 660 1356 passionis
694 1294 775 1336 mese
808 1273 895 1349 socii,
927 1273 1115 1358 provoluti¹
1138 1280 1218 1339 tunc
1248 1273 1397 1359 genibus,

346 1378 414 1439 tute
445 1374 668 1459 supplicamus
700 1374 898 1450 discretioni,
933 1396 974 1439 ne
1007 1396 1153 1461 unquam
1191 1381 1225 1440 te
1258 1374 1397 1449 volente,

346 1482 379 1540 te
418 1477 625 1551 assentiente,
665 1477 785 1542 dumne
832 1477 1031 1562 patrimonio
1069 1477 1194 1543 Christi
1237 1477 1396 1562 sanguine

347 1579 514 1644 elaborato
548 1585 582 1643 et
615 1579 725 1643 viduae
760 1579 831 1643 doti
869 1578 964 1644 illata
1002 1581 1162 1665 superiori
1199 1579 1397 1645 auctoritate

347 1680 581 1765 compellamur
616 1681 789 1745 remittere.
838 1679 969 1766 Quippe
1001 1679 1063 1746 hoe
1093 1686 1179 1746 esset
1209 1679 1394 1764 exemplum

348 1782 566 1866 perniciosum
597 1782 761 1858 inducere,
785 1787 820 1846 et
850 1803 911 1846 nos
933 1781 1045 1867 ipsos²
1076 1783 1117 1847 de
1140 1783 1288 1847 indebito
1321 1802 1396 1847 eon-

348 1885 508 1949 taminare
541 1905 719 1962 eonsensu;
747 1883 929 1967 justificare
962 1884 1062 1948 etiam
1097 1884 1266 1949 manifesti
1297 1883 1395 1949 sacri·

348 1987 425 2072 legii
449 2007 561 2050 reum:
594 1985 777 2070 presertim
800 2007 872 2050 eum
898 1985 1012 2071 regula
1027 1986 1134 2050 divini
1153 1986 1239 2071 juris
1263 1987 1396 2050 sitnon

348 2088 472 2151 remitti
496 2093 675 2172 peccatum,
698 2087 762 2150 nisi
786 2087 983 2151 restituatur
1006 2087 1176 2166 ablatum3
1200 2088 1398 2152 etiterum:

349 2190 466 2253 Veram
483 2189 713 2274 poenitentiam
737 2210 802 2252 uon
819 2189 882 2273 agi,
900 2189 956 2251 sed
975 2189 1123 2253 simulari
1147 2189 1266 2274 potius,
1283 2209 1395 2274 quam·

349 2291 407 2353 diu
440 2312 538 2375 penes
570 2291 676 2353 furem
715 2294 923 2374 raptoremve
962 2311 1013 2353 res
1051 2291 1163 2354 ablata
1201 2289 1397 2366 eonstiterit,

349 2393 413 2456 nisi
435 2393 521 2456 forte
544 2396 689 2456 arctatus
713 2397 887 2455 excusetur
909 2391 1027 2476 inopia.

180 2511 332 2562 Absolution
393 2493 555 2558 Praeterea
571 2515 611 2556 ne
636 2491 909 2558 excommunicati
934 2492 1046 2568 nostri,
1070 2498 1290 2578 praeterquam
1314 2514 1396 2578 prae-

180 2577 319 2693 muz}
348 2595 429 2660 stite
450 2595 548 2680 juxta
579 2617 700 2659 morem
724 2592 976 2659 ecclesiasticum
1000 2595 1151 2659 cautione
1174 2594 1398 2670 absolvantur,

179 2718 256 2761 cates.
351 2704 460 2762 vestra
491 2698 571 2761 item
594 2696 781 2761 sollicitudo
813 2701 848 2759 et
878 2695 1096 2760 consideratio
1126 2696 1205 2775 haee,
1237 2718 1279 2762 ne
1310 2697 1396 2782 quod

349 2800 449 2864 semel
481 2799 574 2863 bisve
616 2819 707 2863 secus
744 2801 854 2861 actum
888 2803 939 2861 est
976 2797 1017 2861 ad
1049 2797 1192 2863 ecclesie
1230 2799 1397 2864 laesionem

349 2902 452 2987 possit
484 2900 640 2965 converti.
687 2898 784 2962 Unde
819 2919 1009 2983 expressum
1044 2921 1142 2984 super
1172 2899 1234 2965 hoc
1256 2901 1398 2965 Romani

182 3015 313 3065 Amulfin
348 3002 513 3089 pontificis
547 3002 690 3065 multum
724 3005 968 3084 acceptaremus
1005 3000 1209 3066 mandatum.
1255 3002 1397 3066 Audivi-

179 3081 309 3197 {tgffiff
349 3128 421 3170 mus
436 3105 585 3190 proxime
609 3104 743 3187 aliquos
768 3103 803 3165 in
826 3102 930 3167 nostri
954 3102 1229 3188 suggillationem,
1253 3126 1311 3190 pro
1328 3127 1399 3190 per-

348 3229 428 3272 sona
458 3206 722 3270 Loudoniensis³
753 3203 885 3288 seriptis
918 3205 985 3267 suis
1016 3205 1207 3270 testimonia
1241 3205 1276 3268 in
1307 3207 1399 3271 curia

347 3308 577 3396 perhibituros
613 3327 752 3391 quorum
783 3327 868 3369 unus
891 3305 1085 3369 cismarinus
1115 3306 1149 3369 in
1183 3306 1398 3382 Normannia‚

349 3415 402 3495 (ut
434 3410 578 3489 dicitur)
611 3408 781 3493 episeopus
814 3412 881 3484 est3
913 3408 970 3492 qui
1003 3414 1115 3472 temen
1147 3429 1190 3471 an
1228 3408 1398 3494 episcopus

348 3515 400 3590 sit,
433 3512 510 3576 licet
542 3511 576 3572 in
601 3509 764 3593 episcopio
794 3509 865 3591 jam
899 3509 1054 3585 senuerit,
1079 3509 1266 3596 ignoratur:
1296 3511 1398 3575 immo

349 3615 436 3700 quod
461 3612 571 3676 verius
594 3616 653 3686 est,
677 3610 704 3672 si
729 3609 803 3693 quis
828 3609 997 3674 Christum
1030 3611 1113 3674 bene
1144 3612 1308 3698 recogitet,
1332 3634 1398 3676 non

348 3716 420 3779 dico
443 3715 639 3800 episcopum,
663 3711 718 3774 scd
751 3732 811 3774 neo
834 3712 933 3775 etiam
958 3711 1194 3789 Christianum,
1219 3735 1294 3777 vere
1325 3736 1399 3799 pro-

348 3818 524 3891 fitebimur,
557 3814 621 3877 nisi
656 3813 741 3877 forte
777 3812 877 3877 verba
911 3835 978 3876 non
1008 3836 1107 3899 opera
1141 3814 1265 3880 faciant
1288 3814 1399 3880 Chris·

347 3919 484 3983 tianum.
524 3916 627 4000 Cujus
650 3915 794 3999 profecto
811 3915 917 3978 omnis
941 3915 1049 3978 virtus
1073 3917 1261 3992 moreest,
1285 3917 1399 4002 lingua

348 4042 447 4085 aurea
469 4028 503 4084 et
534 4018 675 4081 ferreum
700 4037 762 4090 eor,
786 4015 879 4099 cujus
912 4015 1086 4100 epistolare
1113 4016 1280 4102 eloquium
1312 4018 1399 4104 quod

349 4123 497 4208 proxime
520 4119 674 4193 vidimus
698 4121 813 4182 contra
835 4138 894 4180 nos
910 4138 1042 4201 operose
1065 4118 1122 4181 sed
1146 4119 1278 4203 viperee
1300 4120 1399 4184 nimis

349 4229 551 4309 conceptum,
586 4219 689 4283 nimio
721 4217 862 4283 candore
896 4218 1040 4283 deforme
1071 4220 1235 4284 mentitur
1265 4221 1400 4299 idolum,

349 4325 542 4410 quinpotius
574 4343 690 4386 verum
723 4319 847 4384 idolum
884 4326 942 4395 est,
965 4320 1044 4404 quia
1078 4319 1196 4386 falsum
1229 4328 1280 4388 est
1314 4325 1401 4409 quod

696 4490 833 4497 --—-—-..

384 4586 392 4618 ι
405 4585 552 4650 provolutis,
565 4585 594 4632 P,
931 4583 942 4615 ³
961 4583 1136 4646 Londouiensi,
1149 4587 1178 4646 P,
1191 4588 1223 4638 G.

382 4665 392 4696 n
410 4665 473 4729 im,
486 4665 517 4715 G,
933 4663 943 4694 ⁴
960 4664 1090 4728 episcopis,
1102 4663 1134 4716 G.
