3278 5662
264 792 456 876 sarna]
710 806 891 856 amaretis.
1253 786 1318 855 287

265 994 354 1058 tibus
385 1016 495 1058 rerum
526 1002 666 1060 eventus
698 995 746 1059 ita
770 1015 840 1058 csse
876 992 1053 1058 convincit.
1116 993 1197 1059 Ecce
1221 996 1318 1073 enim,

264 1119 338 1163 curn
362 1120 428 1183 pax
445 1106 558 1164 nostra
585 1101 686 1183 (sicut
708 1098 806 1162 multi
830 1096 1012 1179 noverunt)
1036 1102 1122 1160 esset
1142 1097 1178 1160 in
1196 1097 1319 1181 januis,

264 1206 298 1264 et
321 1200 456 1266 ecclesia
483 1201 639 1266 solatium
676 1204 729 1284 (ut
751 1199 966 1284 putabamus)
993 1197 1106 1263 efficax
1138 1201 1319 1265 asanctis-
1375 1209 1377 1213 ‘

264 1304 346 1367 simo
363 1304 496 1369 domino
513 1304 647 1369 nostro1
664 1304 813 1367 Romano
830 1301 984 1387 pontifice
1005 1302 1189 1387 accepisset,
1205 1324 1318 1388 supcr-

265 1407 435 1470 venientes
458 1408 570 1472 nuntii
593 1407 679 1491 regis
702 1404 914 1469 abstulerunt
946 1424 1067 1489 pacem,
1091 1410 1134 1481 et,
1157 1405 1317 1470 absolutis

263 1509 555 1573 excommunicatis
578 1507 709 1581 nostris,
725 1506 827 1570 otiam
851 1526 942 1589 spem
963 1505 1238 1571 reconciliationis
1253 1508 1317 1573 visi

263 1615 342 1672 sunt
365 1609 575 1695 praeclusisse.
622 1607 794 1692 Siquidem
818 1606 1102 1670 denuntiaverunt
1122 1608 1169 1671 cis
1184 1614 1219 1672 et
1243 1610 1317 1675 aliis

262 1711 460 1775 adversariis
484 1711 634 1786 eeclesiae,
652 1716 699 1786 ut,
723 1709 750 1772 si
775 1707 921 1783 libuerit,
937 1728 996 1770 sex
1019 1728 1182 1771 annorum
1205 1712 1316 1795 appel·

265 1812 411 1892 lationes‚
446 1835 527 1899 quas
561 1814 682 1878 totiens
719 1808 909 1896 prosecuti⁹
944 1832 1057 1874 sumus
1088 1817 1122 1875 et
1149 1812 1317 1878 interdum

261 1914 474 1989 obtinuimus,
499 1917 740 1999 prosequantur
763 1914 799 1976 in
829 1912 915 1976 festo
953 1912 1042 1977 beati
1070 1914 1178 1991 Laicae,
1200 1916 1314 1980 scituri

263 2017 350 2099 quod
383 2018 429 2079 eis
461 2017 590 2079 nullum
625 2016 767 2089 honoris,
801 2014 908 2089 oflicii,
936 2013 1095 2089 beneficii,
1127 2021 1187 2081 aut
1219 2016 1316 2082 faniae

262 2116 471 2201 dispendium
506 2117 720 2201 generabitur
752 2138 794 2179 ex
827 2114 888 2179 hoc
922 2115 1009 2198 quod
1042 2122 1136 2179 tanto
1169 2122 1315 2202 tempore

262 2220 536 2283 excommunicati
561 2220 706 2282 fuerunt.
755 2212 931 2299 Namque³
952 2216 986 2277 iu
1003 2238 1041 2279 eo
1067 2218 1211 2283 maxime
1227 2221 1316 2305 apud

263 2326 425 2385 nostrates
446 2321 581 2406 justitia
605 2322 697 2405 viget
721 2317 951 2394 ecclesiastica,
976 2318 1073 2402 quml,
1096 2320 1154 2402 qui
1186 2342 1314 2386 excom-

262 2424 520 2487 municationem
553 2443 759 2508 perannum
785 2420 954 2484 sustinent
988 2422 1097 2485 notari
1128 2423 1235 2488 solent
1265 2426 1315 2488 in·

262 2524 370 2589 sarria.
418 2525 484 2589 Sed
500 2546 571 2590 ecce
596 2525 662 2588 ab*
684 2522 784 2607 hujus
809 2522 972 2586 novitatis
995 2521 1154 2605 exemplo,
1171 2529 1205 2589 et
1220 2528 1312 2609 quasi

262 2627 440 2709 apostolico
464 2626 637 2712 privilegio
665 2625 752 2709 (quod
770 2624 961 2688 continetur
974 2624 1017 2687 .in
1041 2623 1171 2703 litteris,
1187 2627 1314 2691 solutus

263 2732 311 2789 est
342 2726 580 2792 ecclesiasticus
605 2726 705 2811 vigor.
766 2723 855 2802 Quid
888 2746 964 2807 ergo
997 2733 1155 2807 superest,
1178 2728 1243 2792 nisi
1275 2736 1314 2794 ut

262 2828 386 2892 nullius
409 2829 568 2893 momenti
594 2828 639 2890 sit
661 2827 750 2909 apud
775 2824 992 2910 provinciales
1016 2828 1190 2904 sententia,
1215 2852 1313 2913 quam

261 2931 331 2994 sinc
370 2933 458 2996 omni
498 2952 599 3016 laeena
632 2929 745 2992 vident
786 2934 855 2991 tam
894 2926 990 2991 facile
1023 2949 1116 3011 posse
1152 2931 1313 2997 dissolvit

261 3033 465 3096 duraverunt
504 3038 626 3101 tamen,
663 3036 700 3091 ut
739 3029 869 3104 dicitur,
903 3050 937 3091 se
975 3036 1119 3095 staturos
1157 3035 1313 3099 nrandato

261 3134 386 3197 domini
410 3156 513 3218 papae,
538 3135 594 3197 sed
619 3132 812 3217 pra’cipitur
835 3152 904 3194 esse
927 3130 1164 3196 alsconditmn.
1223 3134 1314 3201 Deus

261 3237 363 3300 bonet
410 3236 499 3315 Quid
523 3237 568 3299 rei
594 3242 652 3309 est,
679 3234 776 3319 quod,
802 3254 876 3316 qtae
899 3239 1013 3297 contra
1035 3234 1203 3299 ecclesiam
1228 3236 1314 3301 fiunt

261 3340 398 3404 licenter
421 3340 646 3425 praedicantur
669 3340 704 3401 in
728 3338 798 3402 foro
833 3341 872 3398 ut
894 3335 983 3400 tralri
1015 3338 1141 3420 possint
1172 3341 1213 3404 ad
1238 3363 1314 3407 con·

260 3442 488 3525 sequentimn;
512 3448 546 3505 et
569 3440 696 3525 si'quid
720 3461 780 3524 pro
796 3436 930 3502 ecelesia
954 3440 999 3511 fit,
1017 3439 1109 3522 cujus
1125 3444 1313 3528 exemplum

261 3544 364 3628 possit
399 3565 468 3607 osse
502 3543 669 3607 lamlabile
703 3549 738 3605 ct
770 3541 923 3625 prodesse
958 3540 993 3601 in
1025 3548 1201 3623 posterum,
1229 3545 1312 3609 illud

262 3645 442 3729 apostolica
464 3646 556 3710 sedes
575 3645 676 3729 jubet
699 3643 882 3708 atrseondis
945 3641 1030 3705 Cum
1054 3666 1131 3728 crgo
1154 3648 1200 3712 sic
1223 3651 1311 3734 apud

260 3768 327 3821 vos,
351 3747 609 3832 praevalentibus
632 3744 821 3809 fautoribus
843 3744 929 3828 regis
958 3752 1018 3807 aut
1041 3746 1152 3829 potius
1175 3752 1313 3817 malitia

262 3850 343 3913 aut³
365 3851 513 3934 pecunia·
537 3848 751 3919 amatoribus,
770 3867 869 3911 causa
885 3844 1011 3909 Christi
1037 3854 1205 3927 tractetur,
1219 3874 1278 3918 cur
1291 3876 1312 3919 a

259 3951 354 4015 nobis
387 3952 533 4036 exigitur
564 3957 603 4014 ut
634 3950 770 4012 nuntios
803 3948 976 4011 mittamus
1011 3950 1185 4033 sapientes,
1217 3957 1310 4038 quasi

261 4053 404 4136 vosipsi
428 4074 495 4115 non
517 4051 699 4116 detuleritis
723 4056 792 4113 tam
812 4049 937 4133 justam
958 4069 1088 4113 causam
1114 4057 1184 4116 tam
1207 4058 1310 4121 mani-

259 4154 377 4218 festam
403 4154 585 4223 defcndere,
601 4153 700 4217 etiam
719 4150 905 4216 tacentibus
926 4151 1113 4215 universis?
1160 4156 1213 4217 Ad
1228 4155 1312 4222 hoe‘²

296 4394 301 4423 ¹
322 4393 420 4441 (turstino
432 4391 566 4448 neutrali,
580 4390 660 4448 ()‚Z;
677 4397 762 4452 prure,
806 4376 857 4423 and
870 4376 966 4425 Ofefld
984 4375 1035 4425 Vix
1046 4394 1077 4426 ‘¹⁶
1086 4399 1093 4437 ἱ
1111 4378 1309 4440 Luplls,[1'nd0;

260 4473 281 4521 L
296 4471 430 4535 (omitting
441 4472 548 4529 nostro).
807 4452 836 4513 Z,
852 4452 939 4512 Unde,
950 4455 1010 4504 With
1022 4455 1062 4505 vel
1080 4456 1128 4505 Vir
1140 4458 1194 4509 Dei
1204 4458 1288 4510 interl.

294 4573 496 4638 ''percecattm
782 4588 785 4599 .
841 4532 1095 4663 ΣῖιᾶνΖᾳίαῗπὲιΛ·

893 4650 900 4671 Ι
944 4650 951 4673 5
1016 4652 1023 4675 Ι
1058 4652 1064 4664 “

294 4674 573 4739 ³n'amqaeis13ria1’s
589 4674 702 4739 reading.
737 4675 762 4724 A
841 4692 852 4722 s
871 4691 1119 4753 Apsoradth
1136 4694 1250 4757 qoam·
1266 4700 1295 4750 v·
