3278 5662
828 765 1008 815 nrrsromu.
1120 767 1125 776 ·
1264 754 1345 839 [an.
1363 751 1460 821 1171.

785 1144 1054 1211 DCGXXXVII.

470 1385 472 1388 Α
595 1296 767 1362 Auourur
788 1312 837 1362 ao
859 1298 1112 1365 Anaxnuoauu
1136 1315 1260 1366 rursu.
1327 1351 1328 1354 ,

826 1449 873 1510 (G.
886 1450 940 1499 rol.
954 1452 1025 1511 501.)

447 1579 545 1642 Eram
577 1577 831 1663 magnificentia
862 1583 983 1644 vestrae
1007 1581 1158 1665 quaedam
1182 1601 1257 1646 cum
1289 1580 1453 1666 tranquil-

401 1680 495 1744 litate
539 1679 660 1743 mentis
698 1679 923 1756 intimaturus,
960 1681 1018 1746 scd
1064 1682 1219 1767 inopinus
1258 1682 1453 1747 miserandae

400 1781 447 1846 rei
479 1785 617 1846 eventus
651 1781 826 1868 intercepit
857 1782 1027 1860 calamum,
1058 1789 1092 1849 ct
1125 1784 1325 1870 propositam
1358 1789 1454 1849 tanto

402 1882 534 1949 domino
561 1883 804 1968 jocunditatem
842 1884 878 1947 in
912 1883 1120 1950 lacrimarum
1159 1885 1331 1951 materiam
1365 1906 1451 1951 com-

401 1986 552 2050 mutavit.
600 1986 682 2051 Ecce
716 1986 805 2049 enim
836 1985 925 2049 omni
959 1985 1118 2071 praeditus
1152 2007 1279 2050 morum
1313 1990 1346 2050 et
1377 2006 1452 2071 pee-

399 2088 479 2152 toris
502 2088 682 2166 honestate,
705 2086 872 2173 magnifici
902 2088 1008 2153 cordis
1030 2088 1083 2151 vir
1112 2087 1168 2153 ille
1200 2087 1342 2154 Thomas
1366 2087 1452 2152 Gan-

398 2190 516 2254 tuariae
539 2189 660 2276 praesul
682 2194 716 2254 et
738 2188 926 2274 apostolicae
949 2189 1035 2253 sedis
1058 2188 1195 2275 legatus,
1218 2189 1281 2255 hoc
1304 2195 1382 2254 voto
1405 2191 1448 2254 ad

399 2311 510 2356 curam
542 2291 738 2376 pastoralem
772 2295 942 2368 remearat,
977 2296 1017 2355 ut
1047 2312 1159 2355 omnes
1194 2292 1327 2357 omnino
1361 2292 1449 2378 cogi-

398 2396 490 2458 tatus
527 2414 602 2458 suos
634 2393 670 2456 in
699 2392 843 2458 Domino
873 2392 1067 2478 conjectans,
1098 2414 1237 2478 quaeque
1268 2394 1447 2459 secundum

401 2495 509 2560 Deum
533 2499 568 2559 et
599 2494 642 2558 ad
675 2493 832 2559 honorem
867 2493 1010 2560 ecclesiae
1041 2495 1213 2581 disponere
1248 2500 1449 2582 procuraret,

398 2617 458 2661 nec
481 2617 556 2681 quae
579 2616 639 2660 sua
661 2595 719 2660 aed
742 2617 816 2679 quae
838 2595 919 2660 Jesu
936 2594 1058 2661 Christi
1084 2600 1118 2660 et
1141 2596 1209 2661 fore
1232 2602 1447 2682 cognosceret,

397 2697 553 2780 equitatis
592 2697 765 2761 libramine
797 2696 1000 2783 ponderaret,
1033 2702 1067 2761 et
1105 2698 1162 2782 qui
1200 2698 1344 2762 stimulis
1380 2697 1446 2764 leo-

398 2798 487 2863 ninae
521 2798 666 2863 feritatis
696 2797 842 2883 agitatus
874 2796 1045 2863 dicebatur
1067 2798 1110 2862 ab
1142 2798 1269 2863 aemulis
1301 2799 1444 2877 rediisse,

397 2900 592 2966 columbinae
627 2900 850 2985 simplicitatis
880 2905 1016 2977 amator,
1039 2900 1162 2986 agnina
1192 2902 1445 2967 mansuetudine

395 3004 564 3069 mitescere
594 3001 720 3087 liquido
750 3000 958 3086 probabatur.
1006 2999 1107 3068 Hunc
1137 3001 1173 3066 in
1200 3002 1289 3068 hunc
1312 3003 1444 3067 modum

393 3105 509 3169 mitem
543 3110 578 3169 et
608 3108 818 3169 mansuetum
840 3124 920 3188 gens
954 3104 1105 3189 quaedam
1140 3103 1313 3169 ferocitate
1346 3105 1445 3170 sacri·

393 3210 474 3295 lega,
498 3207 637 3271 forsitan
667 3211 756 3270 secta
789 3205 954 3281 scelerosa,
987 3205 1182 3271 renitentem
1213 3211 1247 3270 et
1277 3206 1443 3272 volentem

397 3312 480 3376 ferre
520 3331 553 3374 se
594 3308 784 3373 facinorosis
816 3308 951 3372 obvium
990 3307 1026 3371 in
1063 3307 1177 3394 ipsam,
1211 3309 1292 3395 proh
1332 3310 1445 3376 dolor!

393 3412 576 3477 individuae
624 3410 799 3475 Trinitatis
837 3408 1013 3487 ecclesiam,
1052 3432 1072 3474 a
1109 3411 1234 3476 clericis
1280 3413 1348 3476 suis
1385 3414 1443 3498 qui

393 3536 502 3580 secum
535 3517 629 3578 erant
660 3516 817 3586 coactum,
848 3519 925 3574 ante
956 3511 1061 3575 altare
1092 3512 1328 3598 compulerunt,
1363 3514 1443 3580 allo·

393 3623 531 3702 quantes
555 3637 629 3681 eum
660 3615 696 3678 in
718 3614 789 3679 haec
820 3614 930 3690 verba,
960 3613 1078 3699 gladiis
1101 3616 1279 3680 extractis:
1310 3625 1326 3651 “
1338 3617 1440 3704 Fuge,

395 3720 550 3805 proditor,
567 3739 639 3783 ecce
662 3737 749 3781 mors
772 3737 861 3780 saeva
884 3715 946 3779 tibi
962 3716 1115 3780 imminet
1126 3715 1161 3779 ’':
1193 3718 1333 3801 quaesito
1348 3721 1439 3805 prius

390 3825 524 3907 propter
561 3818 795 3884 monachorum
839 3817 1097 3895 multitudinem,
1136 3819 1193 3902 qui
1232 3819 1370 3885 aderant
1407 3828 1441 3887 et

390 3922 601 3989 clericorum:
640 3920 734 3985 “Ubi
762 3924 813 3984 est
847 3918 1161 4004 archiepiscopus''l
1207 3919 1338 4000 Quibus
1368 3924 1437 4009 ipse

389 4023 510 4100 taliter,
532 4022 673 4087 demisso
696 4020 830 4104 quidem
853 4019 910 4083 sed
934 4019 1073 4084 audibili
1097 4020 1194 4085 valde
1217 4043 1374 4101 sermone,
1389 4046 1439 4089 re·

389 4125 541 4210 spondit:
573 4131 590 4157 “
603 4121 673 4208 Ego
695 4142 788 4199 sum3
820 4124 854 4184 et
877 4119 980 4198 tu,0
1016 4121 1208 4206 Reginalde,
1243 4143 1319 4187 cum
1351 4146 1437 4189 com·

388 4226 528 4313 plicibus
560 4223 627 4288 tuis
660 4220 744 4286 vade
781 4226 879 4298 retra,
917 4221 996 4305 quia
1034 4223 1166 4286 nescitis
1204 4223 1284 4307 quid
1321 4223 1437 4293 facitis.

388 4329 624 4393 Verumtamen
658 4324 685 4387 si
720 4344 772 4387 me
805 4323 954 4408 quaeritis
988 4324 1210 4402 occidendum,
1241 4347 1283 4390 na
1315 4333 1439 4393 ceteros

388 4428 596 4515 contingatis.
642 4425 683 4489 In
706 4425 838 4489 nomine
861 4425 932 4509 ejus
962 4431 1100 4491 mortem
1124 4426 1272 4511 excipere
1303 4435 1437 4513 paratus

386 4553 468 4608 sum,
502 4530 560 4614 qui
592 4548 650 4614 pro
681 4549 734 4593 me
766 4547 861 4592 servo
884 4548 943 4592 suo
974 4529 1057 4592 mori
1081 4528 1238 4613 dignatus
1262 4529 1363 4594 est'’:
1401 4541 1436 4599 et

385 4637 570 4720 porrectum
601 4635 703 4716 caput
734 4627 925 4716 spiculatori
963 4630 1110 4715 porrexit
1147 4629 1343 4709 feriundum,
1378 4635 1436 4719 qui
