3278 5662
214 3262 360 3326 mmm.

215 3327 302 3376 mm

380 774 443 836 260
818 783 996 831 remrein.
1239 764 1317 849 [an.
1335 765 1432 834 1170.

380 970 489 1049 timus,
536 971 719 1035 ostendatis
767 969 949 1034 venerabili
993 969 1088 1033 fratri
1135 975 1247 1032 nostro
1290 968 1432 1053 Rogerio

382 1071 577 1136 Eboraeensi
619 1070 862 1157 archiepiscopo
889 1078 923 1136 et
957 1070 1032 1134 aliis
1067 1070 1225 1134 fratribus
1257 1076 1291 1134 et
1324 1071 1433 1156 eoepi-

381 1175 486 1258 scopis
516 1175 645 1251 nostrie,
673 1181 706 1238 et
737 1174 927 1249 inhibeatis,
949 1175 1147 1238 auctoritate
1179 1173 1303 1237 domini
1328 1196 1431 1258 papa,

384 1296 441 1336 ros
464 1282 498 1338 ct
513 1274 591 1338 aliil
616 1275 734 1339 fratres
750 1275 854 1339 nostri
878 1296 920 1338 ne
943 1275 1101 1359 praelatus
1125 1274 1338 1339 Eboraeensis
1361 1275 1431 1340 filio

382 1375 506 1440 domini
531 1376 616 1461 regis
639 1377 894 1443 consecrationis
926 1376 1155 1452 mumadam,
1179 1383 1239 1440 aut
1270 1397 1431 1453 eoronam,

381 1478 409 1539 si
433 1478 494 1544 hoc
517 1478 559 1543 ab
582 1501 619 1542 eo
643 1480 785 1564 petitum
810 1479 919 1556 suerit,
943 1485 1121 1563 praesumat
1144 1478 1317 1562 imponere.
1361 1477 1432 1542 Sub

382 1580 495 1644 eadem
519 1581 788 1645 interminatione
824 1580 1039 1664 praecipimus
1064 1584 1101 1642 ut
1124 1578 1276 1642 similiter
1298 1578 1358 1643 hoe
1381 1579 1434 1641 in·

381 1681 523 1746 hibeatis
569 1681 728 1767 episcopis
774 1681 994 1745 Londoniensi
1033 1685 1067 1744 et
1113 1679 1359 1756 saresberiensi,
1397 1686 1433 1744 et

381 1788 515 1863 cacteris,
531 1788 559 1850 si
583 1788 656 1871 quis
679 1786 741 1851 hoc
760 1808 860 1850 ausus
880 1786 981 1850 fuerit
1001 1790 1175 1849 attentare.
1222 1785 1295 1850 Hoc
1311 1789 1433 1862 autem,

382 1887 453 1952 Deo
476 1894 560 1952 teste
583 1896 617 1953 et
640 1887 766 1961 Judiee,
791 1909 856 1951 non
880 1887 915 1951 in
941 1887 1064 1950 domini
1087 1887 1181 1972 regie,
1204 1893 1264 1950 aut
1285 1885 1348 1948 filii
1369 1886 1431 1963 sui,

382 1995 441 2053 aut
473 1991 705 2073 cujuscumque
742 1988 795 2051 vel
828 1988 971 2053 eeclesiae
1009 1986 1063 2051 vel
1101 2009 1248 2072 personae
1282 2009 1324 2051 ex
1355 2009 1432 2053 con-

383 2092 521 2155 scientia
543 2095 657 2155 nostra
679 2091 873 2155 mandamus
897 2090 1060 2174 injuriam,
1084 2090 1142 2154 sed
1165 2112 1205 2153 ex
1229 2091 1432 2167 necessitate,

383 2214 448 2276 qua
480 2194 626 2277 cogimur
660 2192 803 2257 eeclesia
837 2190 1085 2255 Cantuarienais
1113 2189 1190 2275 jura
1223 2213 1282 2277 pro
1305 2191 1432 2256 viribus

383 2314 581 2358 conservare.
628 2293 741 2356 Parati
776 2293 864 2356 enim
898 2313 1019 2369 eumue,
1043 2292 1070 2356 si
1105 2292 1238 2357 domino
1270 2293 1336 2378 regi
1362 2294 1432 2379 pla·

383 2395 496 2469 cuerit,
520 2393 624 2457 filium
648 2416 744 2457 auum
774 2415 937 2469 coronare,
960 2415 1020 2479 pro
1054 2394 1165 2458 debito
1197 2393 1294 2459 officii
1318 2396 1431 2474 nostri,

383 2503 417 2562 et
440 2496 572 2581 utrique
603 2495 759 2560 honorem
790 2496 937 2560 debitum
962 2502 997 2559 et
1019 2496 1236 2561 reverentiam
1269 2496 1431 2562 exhibere.

386 2600 462 2662 Non
485 2596 620 2662 vacillet
654 2597 689 2661 in
723 2596 775 2661 his
807 2597 993 2682 implendis
1019 2598 1120 2662 frater
1154 2599 1328 2675 carissime,
1352 2599 1432 2664 fides

386 2706 505 2775 vestra,
528 2699 605 2784 quia
629 2699 735 2762 fidelis
758 2705 808 2763 est
831 2699 929 2775 Deua,
953 2699 1011 2783 qui
1035 2721 1092 2763 vos
1121 2720 1220 2784 supra
1244 2701 1329 2764 vires
1360 2707 1432 2764 ten·

386 2802 449 2866 tari
482 2822 549 2865 non
581 2801 736 2886 patietur.
783 2800 947 2865 Confidite
983 2822 1059 2886 ergo
1092 2801 1126 2864 in
1160 2802 1247 2886 Ipso,
1270 2802 1326 2886 qui
1350 2803 1433 2867 vicit

382 2905 552 2980 mundum,
576 2911 610 2968 et
645 2904 860 2968 memineritis
891 2903 1055 2988 quoniam,
1079 2905 1135 2988 qui
1161 2905 1258 2969 timet
1280 2906 1433 2990 pruinam

382 3007 487 3069 irruet
518 3026 616 3090 super
649 3027 723 3068 eum
758 3004 826 3081 nix,
862 3011 896 3069 et
930 3005 988 3090 qui
1019 3005 1164 3070 declinat
1196 3027 1288 3070 arma
1320 3006 1433 3082 ferrea,

383 3106 579 3192 sequenter²
603 3107 721 3172 incidit
743 3107 778 3169 in
802 3128 913 3173 areum
937 3128 1073 3171 aeneum.

586 3233 800 3318 “Degeneres
822 3234 949 3296 animos
973 3233 1072 3296 timor
1094 3233 1233 3319 arguit‚’'

383 3367 417 3426 et
441 3361 571 3424 fortiter
592 3381 688 3423 ausos
707 3360 841 3444 juvabit
863 3360 977 3445 gratia
994 3361 1099 3446 gloria
1114 3361 1290 3426 coronabit.
1330 3362 1434 3442 Quid·

384 3462 464 3547 quid
488 3468 589 3546 agant
612 3461 679 3537 alii,
694 3461 790 3525 nobis
814 3482 1004 3546 persuasum
1028 3462 1189 3546 estquod
1213 3464 1432 3528 constantiam

385 3569 528 3627 vestram
562 3561 686 3625 nullius
720 3562 863 3626 turbinis
897 3564 1040 3647 impetus
1063 3562 1196 3648 franget
1208 3587 1216 3642 3
1239 3564 1325 3647 quod
1359 3586 1433 3648 quae

385 3667 425 3729 de
449 3685 503 3728 ore
529 3670 637 3728 vestro
668 3670 903 3749 processerunt,
928 3670 962 3728 et
996 3671 1066 3729 tam
1089 3671 1200 3729 vestro
1234 3686 1333 3750 quam
1365 3666 1434 3751 epi·

384 3768 473 3852 scopi
513 3766 726 3831 Lexovieneis
764 3767 887 3851 scripto
922 3767 1142 3842 eontinentur,
1174 3764 1230 3831 et³
1261 3767 1433 3852 utriusque

384 3869 570 3935 charactere
594 3870 752 3954 impressa
774 3875 853 3934 sunt
875 3873 909 3933 et
932 3890 1094 3953 expressa,
1118 3890 1185 3933 non
1210 3875 1308 3933 erunt
1330 3870 1434 3935 irrita.

384 3974 483 4039 Absit
517 3975 605 4040 enim
629 3981 668 4040 ut
690 3997 866 4061 generosus
899 3974 1033 4060 sanguis
1065 3975 1111 4038 sit
1143 3974 1263 4040 animae
1296 3975 1434 4062 degene-

383 4077 487 4142 rantis
510 4076 754 4155 habitaculum
778 4084 817 4140 ut
840 4099 899 4162 per
921 4099 980 4142 vos
1003 4076 1096 4141 tituli
1111 4084 1242 4162 patrum
1259 4078 1434 4143 obliteren-

384 4188 448 4256 tnr,
486 4185 525 4243 ut
563 4200 778 4263 quaecumque
823 4179 1001 4264 trepidatio
1045 4180 1166 4244 mentis
1203 4185 1263 4244 aut
1300 4181 1435 4266 ignavia

383 4281 490 4365 operis
514 4281 645 4345 evincat
667 4281 780 4365 patris,
803 4281 860 4365 qui
885 4301 942 4344 vos
966 4280 1119 4344 omnibus
1141 4279 1253 4344 liberis
1275 4281 1433 4365 praetulit,

409 4443 439 4450 ‚..
495 4441 509 4444 ,,
523 4437 562 4442 -..-
577 4436 584 4441 -
595 4433 917 4442 ...ῃ-..ι--ψ--αὰ
930 4435 1156 4441 ..-.-...--.-...
1168 4435 1222 4440 -.
1244 4435 1369 4441 ..—-.

417 4534 484 4582 ma
496 4539 519 4581 a
531 4534 618 4590 nostri,
630 4532 784 4594 A,0,v(v
792 4531 886 4598 having
929 4507 1368 4649 εθξηζῑὲναεῧῐξνῗηῇἓπῖᾒπῑεν,
1393 4507 1434 4567 Oc

375 4636 651 4702 fimkmk&
961 4621 1321 4724 3QQQMAEJ’
