3278 5662
188 818 250 866 ao.
271 799 383 883 llos]
628 812 805 861 nrrsronrr.
1199 795 1237 857 sl

187 1021 260 1064 cum
284 998 360 1063 aliis
383 998 587 1076 civitatibus,
610 1019 692 1082 quas
714 1020 922 1084 corrumpere
947 996 1157 1073 moliebatur,
1181 997 1243 1060 im·

187 1107 356 1186 petrarent
379 1123 400 1166 a
422 1100 574 1165 domino¹
611 1122 699 1186 papa
721 1107 756 1166 et
779 1101 916 1167 ecclesia
946 1101 1099 1166 Romana
1134 1100 1241 1184 dejec-

187 1204 310 1269 tionem
334 1203 388 1268 vel
420 1203 671 1275 translationem
706 1203 960 1269 cantuariensis
992 1201 1241 1289 archiepiscopi.

187 1307 273 1371 Nam
308 1307 352 1372 ob
385 1305 523 1372 eandem
557 1327 690 1372 causam
724 1305 1000 1371 Cremonensibus
1033 1306 1100 1370 duo
1130 1304 1239 1368 millia

186 1429 369 1472 marcarum
400 1407 605 1493 promiserat,
628 1406 862 1473 Parmensibus
894 1407 995 1484 mille,
1025 1412 1061 1472 et
1095 1406 1237 1471 totidem

188 1509 474 1575 Bononiensibus.2
513 1510 657 1576 Domino
673 1532 752 1574 vero
768 1531 862 1595 papae
879 1508 1004 1575 obtulit
1026 1507 1141 1595 quodl
1163 1507 1242 1571 data

188 1613 326 1696 pecunia
361 1611 518 1676 liberaret
541 1620 639 1676 eum⁴
672 1612 715 1676 ab
738 1612 968 1676 exactionibus
1001 1611 1150 1675 omnium
1175 1609 1239 1672 Ro·
1254 1631 1390 1681 meruith

189 1734 368 1790 manorum,
392 1713 449 1778 et³
471 1714 583 1778 decern
608 1713 714 1778 millia
729 1735 914 1779 marcarum
937 1713 1105 1797 adjiceret,
1128 1699 1296 1777 conce-¹¹*l
1309 1714 1382 1762 popo.

188 1816 392 1881 demetiam
416 1821 456 1880 ut
479 1816 620 1882 tamin
643 1816 779 1882 eeclesia
802 1815 1047 1892 Cantuariensi,
1071 1836 1171 1900 quam
1205 1812 1240 1876 in

188 1918 262 1982 aliis
285 1918 480 1984 vacantibus
514 1919 550 1983 in
564 1918 695 2004 Anglia,
719 1924 865 2004 pastores
896 1918 1064 1983 ordinaret
1090 1917 1133 1981 ad
1165 1915 1240 1979 libi-

188 2026 269 2085 tum.
315 2020 381 2086 Sed
405 2022 484 2107 quia
515 2021 615 2086 fidem
638 2021 745 2084 multa
766 2020 928 2105 promissa
959 2019 1126 2094 levabant,
1149 2018 1241 2083 etin

189 2123 340 2208 precibus
378 2123 555 2187 manifesta
592 2122 827 2188 continebatur
864 2121 1034 2207 iniquitas,
1073 2121 1240 2207 repulsam

188 2246 303 2309 passus
318 2230 388 2305 est3
413 2231 448 2290 et
471 2224 559 2309 quod
582 2246 641 2311 per
663 2246 697 2290 se
714 2225 892 2310 impetrare
915 2245 982 2288 non
999 2228 1140 2307 poterat,
1156 2223 1243 2306 regis

190 2325 292 2390 Siculi
317 2326 444 2390 viribus
483 2333 620 2392 conatus
652 2333 704 2392 est
737 2332 942 2412 extorquere.
1001 2324 1068 2390 Sed
1091 2345 1152 2389 nec
1175 2322 1241 2401 illo,

188 2427 268 2493 licet
290 2428 333 2492 ad
355 2427 418 2492 hoc
441 2433 513 2492 toto
544 2427 620 2493 nisu
644 2429 874 2514 Syracusanus
909 2426 1091 2513 episcopm,
1118 2431 1152 2490 et
1176 2425 1240 2490 Ro·

189 2530 302 2594 bertus
325 2551 433 2595 eomes
467 2531 508 2595 dc
532 2530 740 2596 Bassevillal
762 2531 994 2616 multiplicatis
1017 2529 1247 2617 intercessori-¹

190 2630 251 2695 bus
281 2631 514 2709 laboraverint,
537 2633 715 2698 exauditus
738 2638 790 2698 est
812 2655 872 2719 pro
888 2653 948 2696 sua
970 2630 1165 2705 reverentia,
1188 2629 1240 2694 vel

190 2734 349 2820 potentia,
370 2734 423 2798 vel
451 2735 568 2820 gratia,
592 2737 745 2820 quamvis
768 2757 840 2802 eam
864 2735 900 2799 in
935 2734 1071 2801 ecclesia
1094 2733 1244 2797 Romana

190 2835 365 2919 plurimam
407 2835 535 2901 habeat.
598 2836 734 2900 Dimissi
774 2841 852 2902 sunt
890 2857 967 2922 crgo
1005 2835 1116 2898 nuntii
1157 2832 1361 2917 regimme„

188 2941 329 3026 irrrpo'tes
353 2941 434 3017 voti,
457 2941 519 3007 hoc
551 2942 658 3006 solum
693 2944 881 3028 impetrata,
905 2948 945 3007 ut
968 2941 1122 3006 dominus
1157 2959 1244 3023 papa
1255 2923 1358 3044 illim,

191 3044 351 3130 mitteret
371 3043 508 3108 nuntios
540 3045 599 3129 qui
632 3066 744 3130 pacem
785 3049 1010 3129 procurarent,
1044 3041 1242 3105 Gratianum
1256 3052 1374 3101 arcturon-

189 3145 313 3210 scilicct
346 3144 594 3224 subdiaconum,
618 3154 654 3212 et
676 3147 872 3233 magistrum
897 3146 1090 3221 Vivianum,
1126 3119 1410 3242 Urbis-ffio‘jscssss

192 3248 310 3311 retorts
342 3247 619 3325 archidiaconum,
642 3250 698 3334 qui
722 3271 857 3314 munere
887 3247 1114 3314 advocationis
1148 3246 1242 3330 fungi
1254 3249 1409 3300 missionum.

189 3349 273 3412 solet
291 3349 325 3412 in
348 3350 449 3414 curia.
489 3350 555 3415 Eos
570 3356 692 3427 tamen,
708 3356 786 3416 ante
803 3352 997 3437 praescripta
1019 3350 1128 3415 forma
1144 3350 1243 3435 pacis,

190 3451 387 3515 sacramenti
410 3451 569 3536 religione
591 3451 783 3530 adstrinxit,
806 3454 894 3538 quod
924 3452 1107 3537 prefinitos
1129 3451 1243 3516 termi-

190 3574 248 3615 nos
270 3573 338 3615 non
371 3552 556 3629 excedant,⁷
587 3554 755 3620 mandatis
787 3575 917 3639 quoque
951 3553 1121 3638 adjiciens,
1152 3558 1191 3617 ut
1221 3574 1242 3616 a

190 3654 275 3738 regis
309 3653 499 3740 sumptibus
521 3653 737 3732 contineant,8
769 3655 834 3720 nisi
866 3677 946 3740 pace
969 3655 1114 3720 ecclesiae
1137 3654 1241 3738 impe·

191 3765 286 3836 trata,
309 3766 344 3824 et
376 3759 531 3825 neultra
563 3761 661 3839 diem,
683 3762 740 3847 qui
776 3762 822 3826 eis
846 3759 1079 3847 praestitutus⁹
1101 3765 1161 3837 est,
1184 3760 1242 3824 ali-

191 3883 289 3946 quam
312 3861 439 3927 faciant
460 3883 595 3929 moram.
641 3863 760 3928 Forma
782 3868 894 3928 autem
918 3863 1017 3947 pacis,
1039 3883 1114 3948 quae
1136 3861 1243 3927 archi-

191 3965 342 4048 episcopo
373 3974 531 4050 expressa
554 3969 612 4041 est,
644 3963 730 4029 nihil
765 3963 976 4029 inhonestum
1009 3965 1167 4041 continet,
1189 3963 1242 4027 vel

191 4064 279 4149 quod
301 4064 471 4129 ecclesiam
494 4066 651 4132 dedeceat
673 4072 734 4131 aut
764 4087 947 4152 personam,
971 4087 1032 4132 nec
1062 4065 1240 4131 auctorita·

637 4217 756 4224 *m
772 4219 781 4222 -
802 4219 808 4222 -
832 4220 836 4222 -
850 4219 859 4223 -
870 4219 985 4225 -..«..---
1120 4219 1213 4227 -Ἀ-ο.

225 4289 233 4321 ¹
251 4287 355 4350 domino,
366 4289 398 4347 0,
411 4289 447 4346 Z;
465 4305 515 4340 om.
533 4288 561 4339 L.
777 4289 787 4327 ⁷
804 4289 934 4351 excedunt,
952 4292 984 4349 0,
1003 4290 1038 4350 Z;
1058 4290 1182 4352 excedent,
1200 4294 1244 4351 V;

223 4361 365 4426 ΕΙΒιιιιοί,
378 4369 413 4417 V.
744 4368 898 4431 excederent,
911 4368 944 4418 L.

226 4447 237 4477 ³
254 4445 326 4511 qaod,
338 4448 376 4504 Ζς
394 4447 505 4510 quim.
616 4472 620 4477 ·
776 4447 953 4509 ‘contineant
973 4450 1004 4507 0,
1026 4450 1059 4508 ι’,
1078 4452 1114 4508 Ζς
1132 4451 1243 4502 alsuar-

226 4525 237 4556 ⁴
254 4540 314 4586 m,
326 4524 358 4583 0,
371 4524 400 4576 Z.
742 4537 797 4589 aar,
808 4526 840 4578 L.

228 4602 237 4632 ⁶
253 4609 282 4660 et,
293 4617 342 4652 om.
354 4601 387 4660 Ο,
400 4604 435 4653 V.
774 4606 785 4639 ⁹
800 4610 942 4673 prostitue,
955 4610 984 4660 Z.

229 4678 238 4706 ¹
260 4679 423 4742 Bucar-illa,
436 4681 463 4730 Z·
