<?xml version="1.0" encoding="UTF-8"?>
<!DOCTYPE html PUBLIC "-//W3C//DTD XHTML 1.0 Transitional//EN"
    "http://www.w3.org/TR/xhtml1/DTD/xhtml1-transitional.dtd">
<html xmlns="http://www.w3.org/1999/xhtml" xml:lang="en" lang="en">
 <head>
  <title>
</title>
<meta http-equiv="Content-Type" content="text/html;charset=utf-8" />
  <meta name='ocr-system' content='tesseract 3.04.00' />
  <meta name='ocr-capabilities' content='ocr_page ocr_carea ocr_par ocr_line ocrx_word'/>
</head>
<body>
  <div class='ocr_page' id='page_1' title='image "./materialsforhis00robegoog/materialsforhis00robegoog_0280.png"; bbox 0 0 3278 5662; ppageno 0'>
   <div class='ocr_carea' id='block_1_1' title="bbox 245 769 1300 857">
    <p class='ocr_par' dir='ltr' id='par_1_1' title="bbox 245 769 1300 857">
     <span class='ocr_line' id='line_1_1' title="bbox 245 769 1300 857; baseline -0.006 -22"><span class='ocrx_word' id='word_1_1' title='bbox 245 786 309 837; x_wconf 83' lang='lat' dir='ltr'>ao.</span> <span class='ocrx_word' id='word_1_2' title='bbox 329 772 439 857; x_wconf 85' lang='lat' dir='ltr'>117a]</span> <span class='ocrx_word' id='word_1_3' title='bbox 684 785 863 834; x_wconf 78' lang='lat' dir='ltr'>nrrsroars.</span> <span class='ocrx_word' id='word_1_4' title='bbox 1236 769 1300 830; x_wconf 81' lang='lat'>‘255</span> 
     </span>
    </p>
   </div>
   <div class='ocr_carea' id='block_1_2' title="bbox 246 968 1308 4098">
    <p class='ocr_par' dir='ltr' id='par_1_2' title="bbox 246 968 1308 4098">
     <span class='ocr_line' id='line_1_2' title="bbox 247 968 1300 1056; baseline -0.005 -22"><span class='ocrx_word' id='word_1_5' title='bbox 247 974 301 1048; x_wconf 81' lang='lat' dir='ltr'>tis,</span> <span class='ocrx_word' id='word_1_6' title='bbox 332 993 393 1036; x_wconf 92' lang='lat' dir='ltr'>nec</span> <span class='ocrx_word' id='word_1_7' title='bbox 425 971 542 1046; x_wconf 88' lang='lat' dir='ltr'>adhuc,</span> <span class='ocrx_word' id='word_1_8' title='bbox 576 971 717 1056; x_wconf 87' lang='lat' dir='ltr'>peccatis</span> <span class='ocrx_word' id='word_1_9' title='bbox 753 970 873 1033; x_wconf 88' lang='lat' dir='ltr'>nostris</span> <span class='ocrx_word' id='word_1_10' title='bbox 909 970 1127 1055; x_wconf 79' lang='lat' dir='ltr'>exigentibus,</span> <span class='ocrx_word' id='word_1_11' title='bbox 1151 968 1300 1031; x_wconf 82' lang='lat' dir='ltr'>exauditi</span> 
     </span>
     <span class='ocr_line' id='line_1_3' title="bbox 246 1070 1300 1157; baseline -0.005 -22"><span class='ocrx_word' id='word_1_12' title='bbox 246 1095 359 1136; x_wconf 87' lang='lat' dir='ltr'>sumus</span> <span class='ocrx_word' id='word_1_13' title='bbox 382 1073 425 1136; x_wconf 90' lang='lat' dir='ltr'>ad</span> <span class='ocrx_word' id='word_1_14' title='bbox 448 1073 587 1137; x_wconf 88' lang='lat' dir='ltr'>salutem</span> <span class='ocrx_word' id='word_1_15' title='bbox 604 1071 798 1157; x_wconf 69' lang='lat' dir='ltr'>Anglicauae</span> <span class='ocrx_word' id='word_1_16' title='bbox 814 1071 964 1146; x_wconf 64' lang='lat' dir='ltr'>ecclesia),</span> <span class='ocrx_word' id='word_1_17' title='bbox 980 1071 1023 1134; x_wconf 88' lang='lat' dir='ltr'>ad</span> <span class='ocrx_word' id='word_1_18' title='bbox 1045 1070 1279 1133; x_wconf 87' lang='lat' dir='ltr'>relevationem</span> <span class='ocrx_word' id='word_1_19' title='bbox 1294 1071 1300 1106; x_wconf 90' lang='lat'>¹</span> 
     </span>
     <span class='ocr_line' id='line_1_4' title="bbox 248 1172 1303 1261; baseline -0.006 -22"><span class='ocrx_word' id='word_1_20' title='bbox 248 1176 464 1261; x_wconf 74' lang='lat' dir='ltr'>depressionis</span> <span class='ocrx_word' id='word_1_21' title='bbox 488 1181 609 1239; x_wconf 71' lang='lat' dir='ltr'>nostrae</span> <span class='ocrx_word' id='word_1_22' title='bbox 632 1182 666 1239; x_wconf 92' lang='lat' dir='ltr'>et</span> <span class='ocrx_word' id='word_1_23' title='bbox 688 1178 884 1249; x_wconf 85' lang='lat' dir='ltr'>nostrorum,</span> <span class='ocrx_word' id='word_1_24' title='bbox 908 1196 981 1257; x_wconf 76' lang='lat' dir='ltr'>qum</span> <span class='ocrx_word' id='word_1_25' title='bbox 1005 1172 1112 1236; x_wconf 91' lang='lat' dir='ltr'>indies</span> <span class='ocrx_word' id='word_1_26' title='bbox 1128 1172 1303 1235; x_wconf 89' lang='lat' dir='ltr'>adversum</span> 
     </span>
     <span class='ocr_line' id='line_1_5' title="bbox 247 1274 1302 1365; baseline -0.007 -23"><span class='ocrx_word' id='word_1_27' title='bbox 247 1301 306 1343; x_wconf 87' lang='lat' dir='ltr'>uos</span> <span class='ocrx_word' id='word_1_28' title='bbox 330 1302 370 1343; x_wconf 82' lang='lat' dir='ltr'>ex</span> <span class='ocrx_word' id='word_1_29' title='bbox 394 1280 558 1365; x_wconf 87' lang='lat' dir='ltr'>patientia</span> <span class='ocrx_word' id='word_1_30' title='bbox 581 1283 615 1342; x_wconf 90' lang='lat' dir='ltr'>et</span> <span class='ocrx_word' id='word_1_31' title='bbox 637 1277 882 1362; x_wconf 72' lang='lat' dir='ltr'>exspectatione</span> <span class='ocrx_word' id='word_1_32' title='bbox 906 1283 1018 1341; x_wconf 81' lang='lat' dir='ltr'>vostra</span> <span class='ocrx_word' id='word_1_33' title='bbox 1047 1275 1137 1360; x_wconf 72' lang='lat' dir='ltr'>(quse</span> <span class='ocrx_word' id='word_1_34' title='bbox 1171 1274 1302 1338; x_wconf 89' lang='lat' dir='ltr'>utinam</span> 
     </span>
     <span class='ocr_line' id='line_1_6' title="bbox 248 1378 1304 1467; baseline -0.001 -24"><span class='ocrx_word' id='word_1_35' title='bbox 248 1382 419 1446; x_wconf 77' lang='lat' dir='ltr'>delusoriis</span> <span class='ocrx_word' id='word_1_36' title='bbox 443 1381 714 1467; x_wconf 84' lang='lat' dir='ltr'>promissionibus</span> <span class='ocrx_word' id='word_1_37' title='bbox 738 1379 878 1443; x_wconf 88' lang='lat' dir='ltr'>ulterius</span> <span class='ocrx_word' id='word_1_38' title='bbox 909 1401 976 1443; x_wconf 94' lang='lat' dir='ltr'>non</span> <span class='ocrx_word' id='word_1_39' title='bbox 1003 1378 1152 1459; x_wconf 86' lang='lat' dir='ltr'>fallatur)</span> <span class='ocrx_word' id='word_1_40' title='bbox 1176 1399 1304 1442; x_wconf 84' lang='lat' dir='ltr'>exerce-</span> 
     </span>
     <span class='ocr_line' id='line_1_7' title="bbox 248 1480 1303 1565; baseline -0.005 -16"><span class='ocrx_word' id='word_1_41' title='bbox 248 1490 304 1549; x_wconf 89' lang='lat' dir='ltr'>tur</span> <span class='ocrx_word' id='word_1_42' title='bbox 326 1485 440 1547; x_wconf 87' lang='lat' dir='ltr'>durior</span> <span class='ocrx_word' id='word_1_43' title='bbox 462 1490 495 1547; x_wconf 91' lang='lat' dir='ltr'>et</span> <span class='ocrx_word' id='word_1_44' title='bbox 519 1484 672 1559; x_wconf 80' lang='lat' dir='ltr'>acerbior,</span> <span class='ocrx_word' id='word_1_45' title='bbox 696 1484 731 1545; x_wconf 94' lang='lat' dir='ltr'>iu</span> <span class='ocrx_word' id='word_1_46' title='bbox 754 1487 886 1547; x_wconf 88' lang='lat' dir='ltr'>tautum</span> <span class='ocrx_word' id='word_1_47' title='bbox 903 1487 942 1545; x_wconf 90' lang='lat' dir='ltr'>ut</span> <span class='ocrx_word' id='word_1_48' title='bbox 964 1483 1023 1545; x_wconf 84' lang='lat' dir='ltr'>vix</span> <span class='ocrx_word' id='word_1_49' title='bbox 1039 1480 1157 1546; x_wconf 89' lang='lat' dir='ltr'>amodo</span> <span class='ocrx_word' id='word_1_50' title='bbox 1179 1480 1303 1565; x_wconf 88' lang='lat' dir='ltr'>spirare</span> 
     </span>
     <span class='ocr_line' id='line_1_8' title="bbox 248 1582 1303 1667; baseline -0.002 -21"><span class='ocrx_word' id='word_1_51' title='bbox 248 1586 423 1649; x_wconf 86' lang='lat' dir='ltr'>valeamus.</span> <span class='ocrx_word' id='word_1_52' title='bbox 470 1584 542 1648; x_wconf 84' lang='lat' dir='ltr'>Nec</span> <span class='ocrx_word' id='word_1_53' title='bbox 565 1589 615 1647; x_wconf 90' lang='lat' dir='ltr'>est</span> <span class='ocrx_word' id='word_1_54' title='bbox 646 1583 743 1647; x_wconf 86' lang='lat' dir='ltr'>nobis</span> <span class='ocrx_word' id='word_1_55' title='bbox 765 1584 852 1647; x_wconf 81' lang='lat' dir='ltr'>inter</span> <span class='ocrx_word' id='word_1_56' title='bbox 876 1589 1004 1646; x_wconf 88' lang='lat' dir='ltr'>nostros</span> <span class='ocrx_word' id='word_1_57' title='bbox 1039 1584 1211 1667; x_wconf 76' lang='lat' dir='ltr'>‹piisquam</span> <span class='ocrx_word' id='word_1_58' title='bbox 1246 1582 1303 1666; x_wconf 81' lang='lat' dir='ltr'>qui</span> 
     </span>
     <span class='ocr_line' id='line_1_9' title="bbox 248 1684 1304 1771; baseline 0 -22"><span class='ocrx_word' id='word_1_59' title='bbox 248 1688 288 1751; x_wconf 91' lang='lat' dir='ltr'>de</span> <span class='ocrx_word' id='word_1_60' title='bbox 312 1692 429 1751; x_wconf 67' lang='lat' dir='ltr'>caetero</span> <span class='ocrx_word' id='word_1_61' title='bbox 452 1686 537 1750; x_wconf 80' lang='lat' dir='ltr'>velit</span> <span class='ocrx_word' id='word_1_62' title='bbox 571 1707 605 1749; x_wconf 87' lang='lat' dir='ltr'>sc</span> <span class='ocrx_word' id='word_1_63' title='bbox 632 1684 710 1750; x_wconf 92' lang='lat' dir='ltr'>huie</span> <span class='ocrx_word' id='word_1_64' title='bbox 742 1685 886 1771; x_wconf 93' lang='lat' dir='ltr'>periculo</span> <span class='ocrx_word' id='word_1_65' title='bbox 921 1706 1112 1770; x_wconf 84' lang='lat' dir='ltr'>supponere,</span> <span class='ocrx_word' id='word_1_66' title='bbox 1144 1684 1304 1769; x_wconf 88' lang='lat' dir='ltr'>subjicere</span> 
     </span>
     <span class='ocr_line' id='line_1_10' title="bbox 248 1786 1304 1873; baseline -0.003 -21"><span class='ocrx_word' id='word_1_67' title='bbox 248 1794 343 1853; x_wconf 87' lang='lat' dir='ltr'>tanto</span> <span class='ocrx_word' id='word_1_68' title='bbox 376 1788 566 1864; x_wconf 77' lang='lat' dir='ltr'>discrimini,</span> <span class='ocrx_word' id='word_1_69' title='bbox 602 1789 786 1873; x_wconf 68' lang='lat' dir='ltr'>praesertim</span> <span class='ocrx_word' id='word_1_70' title='bbox 825 1808 898 1851; x_wconf 91' lang='lat' dir='ltr'>cum</span> <span class='ocrx_word' id='word_1_71' title='bbox 938 1787 1061 1851; x_wconf 86' lang='lat' dir='ltr'>multos</span> <span class='ocrx_word' id='word_1_72' title='bbox 1095 1786 1136 1851; x_wconf 89' lang='lat' dir='ltr'>dc</span> <span class='ocrx_word' id='word_1_73' title='bbox 1169 1787 1234 1850; x_wconf 92' lang='lat' dir='ltr'>illis</span> <span class='ocrx_word' id='word_1_74' title='bbox 1269 1787 1304 1850; x_wconf 93' lang='lat' dir='ltr'>in</span> 
     </span>
     <span class='ocr_line' id='line_1_11' title="bbox 248 1888 1304 1975; baseline 0 -22"><span class='ocrx_word' id='word_1_75' title='bbox 248 1890 348 1973; x_wconf 88' lang='lat' dir='ltr'>hujus</span> <span class='ocrx_word' id='word_1_76' title='bbox 370 1890 495 1975; x_wconf 77' lang='lat' dir='ltr'>negotii</span> <span class='ocrx_word' id='word_1_77' title='bbox 518 1891 746 1975; x_wconf 75' lang='lat' dir='ltr'>prosecutione</span> <span class='ocrx_word' id='word_1_78' title='bbox 770 1910 857 1952; x_wconf 82' lang='lat' dir='ltr'>mors</span> <span class='ocrx_word' id='word_1_79' title='bbox 873 1910 987 1953; x_wconf 80' lang='lat' dir='ltr'>anrara</span> <span class='ocrx_word' id='word_1_80' title='bbox 1010 1888 1304 1973; x_wconf 73' lang='lat' dir='ltr'>comprehenderit,</span> 
     </span>
     <span class='ocr_line' id='line_1_12' title="bbox 252 1990 1304 2075; baseline 0 -21"><span class='ocrx_word' id='word_1_81' title='bbox 252 1992 417 2056; x_wconf 83' lang='lat' dir='ltr'>Mittimus</span> <span class='ocrx_word' id='word_1_82' title='bbox 451 1992 622 2057; x_wconf 78' lang='lat' dir='ltr'>sanctitati</span> <span class='ocrx_word' id='word_1_83' title='bbox 660 1995 781 2054; x_wconf 70' lang='lat' dir='ltr'>vestra</span> <span class='ocrx_word' id='word_1_84' title='bbox 812 1990 951 2054; x_wconf 88' lang='lat' dir='ltr'>latorem</span> <span class='ocrx_word' id='word_1_85' title='bbox 991 1991 1213 2075; x_wconf 67' lang='lat' dir='ltr'>prementium,</span> <span class='ocrx_word' id='word_1_86' title='bbox 1247 1992 1304 2075; x_wconf 90' lang='lat' dir='ltr'>qui</span> 
     </span>
     <span class='ocr_line' id='line_1_13' title="bbox 250 2092 1304 2179; baseline 0 -22"><span class='ocrx_word' id='word_1_87' title='bbox 250 2094 375 2158; x_wconf 89' lang='lat' dir='ltr'>iutuitu</span> <span class='ocrx_word' id='word_1_88' title='bbox 399 2093 563 2158; x_wconf 70' lang='lat' dir='ltr'>libertatis</span> <span class='ocrx_word' id='word_1_89' title='bbox 586 2097 620 2156; x_wconf 90' lang='lat' dir='ltr'>et</span> <span class='ocrx_word' id='word_1_90' title='bbox 643 2092 712 2156; x_wconf 87' lang='lat' dir='ltr'>sola</span> <span class='ocrx_word' id='word_1_91' title='bbox 735 2092 933 2157; x_wconf 85' lang='lat' dir='ltr'>liberalitate</span> <span class='ocrx_word' id='word_1_92' title='bbox 956 2114 1017 2157; x_wconf 85' lang='lat' dir='ltr'>sua</span> <span class='ocrx_word' id='word_1_93' title='bbox 1040 2093 1183 2178; x_wconf 86' lang='lat' dir='ltr'>suscepit</span> <span class='ocrx_word' id='word_1_94' title='bbox 1205 2115 1304 2179; x_wconf 86' lang='lat' dir='ltr'>nego·</span> 
     </span>
     <span class='ocr_line' id='line_1_14' title="bbox 251 2193 1305 2281; baseline 0 -21"><span class='ocrx_word' id='word_1_95' title='bbox 251 2197 335 2260; x_wconf 87' lang='lat' dir='ltr'>tium</span> <span class='ocrx_word' id='word_1_96' title='bbox 368 2202 518 2260; x_wconf 83' lang='lat' dir='ltr'>nostrum</span> <span class='ocrx_word' id='word_1_97' title='bbox 552 2195 596 2259; x_wconf 90' lang='lat' dir='ltr'>ad</span> <span class='ocrx_word' id='word_1_98' title='bbox 627 2216 687 2258; x_wconf 86' lang='lat' dir='ltr'>vos</span> <span class='ocrx_word' id='word_1_99' title='bbox 720 2193 954 2279; x_wconf 88' lang='lat' dir='ltr'>perferendum</span> <span class='ocrx_word' id='word_1_100' title='bbox 989 2196 1137 2281; x_wconf 83' lang='lat' dir='ltr'>benigne,</span> <span class='ocrx_word' id='word_1_101' title='bbox 1174 2197 1305 2260; x_wconf 91' lang='lat' dir='ltr'>utinam</span> 
     </span>
     <span class='ocr_line' id='line_1_15' title="bbox 249 2295 1305 2381; baseline 0 -20"><span class='ocrx_word' id='word_1_102' title='bbox 249 2298 430 2362; x_wconf 83' lang='lat' dir='ltr'>efficaciter.</span> <span class='ocrx_word' id='word_1_103' title='bbox 489 2296 588 2359; x_wconf 92' lang='lat' dir='ltr'>Hunc</span> <span class='ocrx_word' id='word_1_104' title='bbox 612 2295 755 2381; x_wconf 88' lang='lat' dir='ltr'>petimus</span> <span class='ocrx_word' id='word_1_105' title='bbox 779 2296 820 2377; x_wconf 88' lang='lat' dir='ltr'>(si</span> <span class='ocrx_word' id='word_1_106' title='bbox 845 2296 967 2380; x_wconf 87' lang='lat' dir='ltr'>placet)</span> <span class='ocrx_word' id='word_1_107' title='bbox 991 2297 1077 2361; x_wconf 88' lang='lat' dir='ltr'>sieut</span> <span class='ocrx_word' id='word_1_108' title='bbox 1109 2297 1305 2363; x_wconf 83' lang='lat' dir='ltr'>desideratis</span> 
     </span>
     <span class='ocr_line' id='line_1_16' title="bbox 251 2397 1306 2484; baseline -0.002 -20"><span class='ocrx_word' id='word_1_109' title='bbox 251 2401 293 2464; x_wconf 93' lang='lat' dir='ltr'>ab</span> <span class='ocrx_word' id='word_1_110' title='bbox 326 2401 374 2463; x_wconf 90' lang='lat' dir='ltr'>Eo</span> <span class='ocrx_word' id='word_1_111' title='bbox 407 2399 557 2463; x_wconf 85' lang='lat' dir='ltr'>exaudiri</span> <span class='ocrx_word' id='word_1_112' title='bbox 591 2398 626 2460; x_wconf 90' lang='lat' dir='ltr'>in</span> <span class='ocrx_word' id='word_1_113' title='bbox 659 2397 777 2461; x_wconf 87' lang='lat' dir='ltr'>ultima</span> <span class='ocrx_word' id='word_1_114' title='bbox 803 2399 997 2463; x_wconf 83' lang='lat' dir='ltr'>necessitate</span> <span class='ocrx_word' id='word_1_115' title='bbox 1021 2404 1131 2463; x_wconf 85' lang='lat' dir='ltr'>vestra</span> <span class='ocrx_word' id='word_1_116' title='bbox 1154 2401 1211 2484; x_wconf 89' lang='lat' dir='ltr'>qui</span> <span class='ocrx_word' id='word_1_117' title='bbox 1248 2401 1306 2464; x_wconf 91' lang='lat' dir='ltr'>dat</span> 
     </span>
     <span class='ocr_line' id='line_1_17' title="bbox 251 2500 1306 2585; baseline 0.002 -21"><span class='ocrx_word' id='word_1_118' title='bbox 251 2502 390 2566; x_wconf 89' lang='lat' dir='ltr'>salutem</span> <span class='ocrx_word' id='word_1_119' title='bbox 414 2501 555 2585; x_wconf 79' lang='lat' dir='ltr'>regibus,</span> <span class='ocrx_word' id='word_1_120' title='bbox 579 2500 637 2585; x_wconf 85' lang='lat' dir='ltr'>qui</span> <span class='ocrx_word' id='word_1_121' title='bbox 660 2500 769 2563; x_wconf 82' lang='lat' dir='ltr'>aufert</span> <span class='ocrx_word' id='word_1_122' title='bbox 784 2500 938 2585; x_wconf 89' lang='lat' dir='ltr'>spiritum</span> <span class='ocrx_word' id='word_1_123' title='bbox 963 2501 1159 2585; x_wconf 89' lang='lat' dir='ltr'>principum,</span> <span class='ocrx_word' id='word_1_124' title='bbox 1183 2502 1210 2565; x_wconf 87' lang='lat' dir='ltr'>si</span> <span class='ocrx_word' id='word_1_125' title='bbox 1228 2524 1306 2566; x_wconf 85' lang='lat' dir='ltr'>cura</span> 
     </span>
     <span class='ocr_line' id='line_1_18' title="bbox 251 2602 1307 2687; baseline 0.001 -19"><span class='ocrx_word' id='word_1_126' title='bbox 251 2614 301 2668; x_wconf 88' lang='lat' dir='ltr'>est</span> <span class='ocrx_word' id='word_1_127' title='bbox 324 2604 418 2667; x_wconf 89' lang='lat' dir='ltr'>vobis</span> <span class='ocrx_word' id='word_1_128' title='bbox 442 2604 482 2666; x_wconf 92' lang='lat' dir='ltr'>de</span> <span class='ocrx_word' id='word_1_129' title='bbox 506 2602 578 2666; x_wconf 79' lang='lat' dir='ltr'>rita</span> <span class='ocrx_word' id='word_1_130' title='bbox 600 2608 713 2666; x_wconf 84' lang='lat' dir='ltr'>nostra</span> <span class='ocrx_word' id='word_1_131' title='bbox 736 2608 770 2667; x_wconf 91' lang='lat' dir='ltr'>et</span> <span class='ocrx_word' id='word_1_132' title='bbox 792 2602 908 2678; x_wconf 88' lang='lat' dir='ltr'>salute,</span> <span class='ocrx_word' id='word_1_133' title='bbox 931 2602 1172 2687; x_wconf 82' lang='lat' dir='ltr'>abeniguitate</span> <span class='ocrx_word' id='word_1_134' title='bbox 1197 2611 1307 2669; x_wconf 85' lang='lat' dir='ltr'>vestra</span> 
     </span>
     <span class='ocr_line' id='line_1_19' title="bbox 252 2704 1305 2790; baseline 0.004 -25"><span class='ocrx_word' id='word_1_135' title='bbox 252 2706 392 2787; x_wconf 76' lang='lat' dir='ltr'>benigue</span> <span class='ocrx_word' id='word_1_136' title='bbox 424 2704 532 2789; x_wconf 88' lang='lat' dir='ltr'>recipi,</span> <span class='ocrx_word' id='word_1_137' title='bbox 570 2708 604 2768; x_wconf 92' lang='lat' dir='ltr'>et</span> <span class='ocrx_word' id='word_1_138' title='bbox 637 2704 812 2789; x_wconf 81' lang='lat' dir='ltr'>benignius</span> <span class='ocrx_word' id='word_1_139' title='bbox 843 2704 994 2768; x_wconf 86' lang='lat' dir='ltr'>exaudiri</span> <span class='ocrx_word' id='word_1_140' title='bbox 1017 2726 1115 2789; x_wconf 69' lang='lat' dir='ltr'>suaper</span> <span class='ocrx_word' id='word_1_141' title='bbox 1149 2705 1200 2769; x_wconf 87' lang='lat' dir='ltr'>bis</span> <span class='ocrx_word' id='word_1_142' title='bbox 1232 2728 1305 2790; x_wconf 71' lang='lat' dir='ltr'>(luzo</span> 
     </span>
     <span class='ocr_line' id='line_1_20' title="bbox 253 2807 1305 2893; baseline 0.004 -26"><span class='ocrx_word' id='word_1_143' title='bbox 253 2807 457 2893; x_wconf 82' lang='lat' dir='ltr'>postulamus</span> <span class='ocrx_word' id='word_1_144' title='bbox 480 2828 501 2870; x_wconf 90' lang='lat' dir='ltr'>a</span> <span class='ocrx_word' id='word_1_145' title='bbox 534 2807 711 2871; x_wconf 86' lang='lat' dir='ltr'>serenitate</span> <span class='ocrx_word' id='word_1_146' title='bbox 746 2812 856 2870; x_wconf 86' lang='lat' dir='ltr'>vestra</span> <span class='ocrx_word' id='word_1_147' title='bbox 878 2828 938 2890; x_wconf 89' lang='lat' dir='ltr'>per</span> <span class='ocrx_word' id='word_1_148' title='bbox 970 2807 1087 2890; x_wconf 87' lang='lat' dir='ltr'>ipsum,</span> <span class='ocrx_word' id='word_1_149' title='bbox 1111 2808 1167 2892; x_wconf 89' lang='lat' dir='ltr'>qui</span> <span class='ocrx_word' id='word_1_150' title='bbox 1200 2808 1305 2873; x_wconf 86' lang='lat' dir='ltr'>etl&#39;ecti</span> 
     </span>
     <span class='ocr_line' id='line_1_21' title="bbox 254 2908 1306 2995; baseline 0 -24"><span class='ocrx_word' id='word_1_151' title='bbox 254 2932 367 2973; x_wconf 79' lang='lat' dir='ltr'>suiuus</span> <span class='ocrx_word' id='word_1_152' title='bbox 391 2910 567 2995; x_wconf 87' lang='lat' dir='ltr'>proscripti</span> <span class='ocrx_word' id='word_1_153' title='bbox 591 2914 625 2972; x_wconf 89' lang='lat' dir='ltr'>et</span> <span class='ocrx_word' id='word_1_154' title='bbox 657 2908 780 2983; x_wconf 88' lang='lat' dir='ltr'>miseri,</span> <span class='ocrx_word' id='word_1_155' title='bbox 812 2929 879 2971; x_wconf 92' lang='lat' dir='ltr'>non</span> <span class='ocrx_word' id='word_1_156' title='bbox 903 2913 942 2971; x_wconf 90' lang='lat' dir='ltr'>ut</span> <span class='ocrx_word' id='word_1_157' title='bbox 976 2909 1122 2973; x_wconf 87' lang='lat' dir='ltr'>securius</span> <span class='ocrx_word' id='word_1_158' title='bbox 1154 2909 1306 2973; x_wconf 83' lang='lat' dir='ltr'>vivauurs</span> 
     </span>
     <span class='ocr_line' id='line_1_22' title="bbox 253 3010 1307 3097; baseline 0 -22"><span class='ocrx_word' id='word_1_159' title='bbox 253 3019 287 3076; x_wconf 84' lang='lat' dir='ltr'>et</span> <span class='ocrx_word' id='word_1_160' title='bbox 311 3013 454 3097; x_wconf 83' lang='lat' dir='ltr'>quietius</span> <span class='ocrx_word' id='word_1_161' title='bbox 486 3010 679 3075; x_wconf 90' lang='lat' dir='ltr'>declinando</span> <span class='ocrx_word' id='word_1_162' title='bbox 704 3010 791 3073; x_wconf 89' lang='lat' dir='ltr'>tanti</span> <span class='ocrx_word' id='word_1_163' title='bbox 824 3011 1041 3094; x_wconf 87' lang='lat' dir='ltr'>persecutoris</span> <span class='ocrx_word' id='word_1_164' title='bbox 1073 3011 1307 3096; x_wconf 87' lang='lat' dir='ltr'>importunita-</span> 
     </span>
     <span class='ocr_line' id='line_1_23' title="bbox 255 3110 1308 3198; baseline -0.003 -20"><span class='ocrx_word' id='word_1_165' title='bbox 255 3122 331 3189; x_wconf 83' lang='lat' dir='ltr'>tem,</span> <span class='ocrx_word' id='word_1_166' title='bbox 355 3115 411 3178; x_wconf 88' lang='lat' dir='ltr'>sed</span> <span class='ocrx_word' id='word_1_167' title='bbox 436 3121 474 3176; x_wconf 92' lang='lat' dir='ltr'>ut</span> <span class='ocrx_word' id='word_1_168' title='bbox 497 3114 610 3197; x_wconf 84' lang='lat' dir='ltr'>vigeat</span> <span class='ocrx_word' id='word_1_169' title='bbox 633 3111 767 3177; x_wconf 86' lang='lat' dir='ltr'>eeclesia</span> <span class='ocrx_word' id='word_1_170' title='bbox 790 3110 862 3187; x_wconf 89' lang='lat' dir='ltr'>Dei,</span> <span class='ocrx_word' id='word_1_171' title='bbox 893 3117 927 3175; x_wconf 91' lang='lat' dir='ltr'>et</span> <span class='ocrx_word' id='word_1_172' title='bbox 950 3111 1061 3176; x_wconf 84' lang='lat' dir='ltr'>valeat</span> <span class='ocrx_word' id='word_1_173' title='bbox 1083 3112 1308 3198; x_wconf 70' lang='lat' dir='ltr'>temporibus²</span> 
     </span>
     <span class='ocr_line' id='line_1_24' title="bbox 255 3212 1308 3301; baseline 0.002 -26"><span class='ocrx_word' id='word_1_174' title='bbox 255 3218 394 3301; x_wconf 87' lang='lat' dir='ltr'>posteris</span> <span class='ocrx_word' id='word_1_175' title='bbox 432 3214 593 3279; x_wconf 86' lang='lat' dir='ltr'>ellicaeius</span> <span class='ocrx_word' id='word_1_176' title='bbox 631 3213 792 3298; x_wconf 84' lang='lat' dir='ltr'>respirare</span> <span class='ocrx_word' id='word_1_177' title='bbox 830 3212 865 3275; x_wconf 91' lang='lat' dir='ltr'>in</span> <span class='ocrx_word' id='word_1_178' title='bbox 903 3213 1100 3280; x_wconf 88' lang='lat' dir='ltr'>libertatem.</span> <span class='ocrx_word' id='word_1_179' title='bbox 1156 3215 1308 3280; x_wconf 84' lang='lat' dir='ltr'>Feliciter</span> 
     </span>
     <span class='ocr_line' id='line_1_25' title="bbox 255 3315 1307 3402; baseline -0.001 -20"><span class='ocrx_word' id='word_1_180' title='bbox 255 3341 396 3402; x_wconf 84' lang='lat' dir='ltr'>namque</span> <span class='ocrx_word' id='word_1_181' title='bbox 435 3317 517 3380; x_wconf 88' lang='lat' dir='ltr'>dura</span> <span class='ocrx_word' id='word_1_182' title='bbox 555 3322 588 3380; x_wconf 88' lang='lat' dir='ltr'>et</span> <span class='ocrx_word' id='word_1_183' title='bbox 622 3316 739 3401; x_wconf 82' lang='lat' dir='ltr'>gravia</span> <span class='ocrx_word' id='word_1_184' title='bbox 775 3316 983 3379; x_wconf 84' lang='lat' dir='ltr'>sustinentur</span> <span class='ocrx_word' id='word_1_185' title='bbox 1015 3315 1058 3379; x_wconf 90' lang='lat' dir='ltr'>ad</span> <span class='ocrx_word' id='word_1_186' title='bbox 1097 3321 1236 3401; x_wconf 87' lang='lat' dir='ltr'>tempus,</span> <span class='ocrx_word' id='word_1_187' title='bbox 1269 3324 1307 3381; x_wconf 91' lang='lat' dir='ltr'>ut</span> 
     </span>
     <span class='ocr_line' id='line_1_26' title="bbox 254 3417 1306 3503; baseline -0.001 -19"><span class='ocrx_word' id='word_1_188' title='bbox 254 3421 401 3485; x_wconf 84' lang='lat' dir='ltr'>feliciora</span> <span class='ocrx_word' id='word_1_189' title='bbox 424 3420 608 3484; x_wconf 88' lang='lat' dir='ltr'>succedant.</span> <span class='ocrx_word' id='word_1_190' title='bbox 654 3418 699 3481; x_wconf 87' lang='lat' dir='ltr'>Et</span> <span class='ocrx_word' id='word_1_191' title='bbox 725 3417 858 3502; x_wconf 72' lang='lat' dir='ltr'>&lt;pridem</span> <span class='ocrx_word' id='word_1_192' title='bbox 882 3418 910 3481; x_wconf 92' lang='lat' dir='ltr'>si</span> <span class='ocrx_word' id='word_1_193' title='bbox 934 3418 974 3482; x_wconf 92' lang='lat' dir='ltr'>de</span> <span class='ocrx_word' id='word_1_194' title='bbox 997 3440 1073 3503; x_wconf 82' lang='lat' dir='ltr'>rege</span> <span class='ocrx_word' id='word_1_195' title='bbox 1096 3424 1217 3496; x_wconf 88' lang='lat' dir='ltr'>nostro,</span> <span class='ocrx_word' id='word_1_196' title='bbox 1236 3420 1306 3503; x_wconf 87' lang='lat' dir='ltr'>jam</span> 
     </span>
     <span class='ocr_line' id='line_1_27' title="bbox 255 3521 1307 3608; baseline 0.003 -24"><span class='ocrx_word' id='word_1_197' title='bbox 255 3525 313 3587; x_wconf 92' lang='lat' dir='ltr'>diu</span> <span class='ocrx_word' id='word_1_198' title='bbox 336 3522 524 3599; x_wconf 73' lang='lat' dir='ltr'>ost,³1robis</span> <span class='ocrx_word' id='word_1_199' title='bbox 548 3521 666 3585; x_wconf 86' lang='lat' dir='ltr'>fuisset</span> <span class='ocrx_word' id='word_1_200' title='bbox 689 3521 860 3598; x_wconf 90' lang='lat' dir='ltr'>creditum,</span> <span class='ocrx_word' id='word_1_201' title='bbox 879 3522 949 3605; x_wconf 88' lang='lat' dir='ltr'>jam</span> <span class='ocrx_word' id='word_1_202' title='bbox 973 3521 1109 3607; x_wconf 89' lang='lat' dir='ltr'>pridem,</span> <span class='ocrx_word' id='word_1_203' title='bbox 1139 3524 1226 3587; x_wconf 84' lang='lat' dir='ltr'>sicut</span> <span class='ocrx_word' id='word_1_204' title='bbox 1248 3545 1307 3608; x_wconf 90' lang='lat' dir='ltr'>pro</span> 
     </span>
     <span class='ocr_line' id='line_1_28' title="bbox 255 3622 1308 3708; baseline -0.002 -17"><span class='ocrx_word' id='word_1_205' title='bbox 255 3632 343 3691; x_wconf 88' lang='lat' dir='ltr'>certo</span> <span class='ocrx_word' id='word_1_206' title='bbox 388 3625 561 3699; x_wconf 86' lang='lat' dir='ltr'>credimus,</span> <span class='ocrx_word' id='word_1_207' title='bbox 605 3644 664 3708; x_wconf 89' lang='lat' dir='ltr'>per</span> <span class='ocrx_word' id='word_1_208' title='bbox 700 3622 763 3686; x_wconf 88' lang='lat' dir='ltr'>Dei</span> <span class='ocrx_word' id='word_1_209' title='bbox 809 3623 1065 3688; x_wconf 90' lang='lat' dir='ltr'>misericordiam</span> <span class='ocrx_word' id='word_1_210' title='bbox 1110 3624 1308 3689; x_wconf 86' lang='lat' dir='ltr'>obtinuisset</span> 
     </span>
     <span class='ocr_line' id='line_1_29' title="bbox 256 3725 1308 3811; baseline -0.003 -19"><span class='ocrx_word' id='word_1_211' title='bbox 256 3726 390 3793; x_wconf 88' lang='lat' dir='ltr'>ecelesia</span> <span class='ocrx_word' id='word_1_212' title='bbox 414 3732 448 3791; x_wconf 90' lang='lat' dir='ltr'>et</span> <span class='ocrx_word' id='word_1_213' title='bbox 471 3748 528 3790; x_wconf 89' lang='lat' dir='ltr'>vos</span> <span class='ocrx_word' id='word_1_214' title='bbox 552 3725 591 3789; x_wconf 90' lang='lat' dir='ltr'>de</span> <span class='ocrx_word' id='word_1_215' title='bbox 615 3725 687 3810; x_wconf 92' lang='lat' dir='ltr'>ipso</span> <span class='ocrx_word' id='word_1_216' title='bbox 710 3725 889 3802; x_wconf 85' lang='lat' dir='ltr'>victoriam,</span> <span class='ocrx_word' id='word_1_217' title='bbox 913 3730 1022 3810; x_wconf 88' lang='lat' dir='ltr'>atque,</span> <span class='ocrx_word' id='word_1_218' title='bbox 1046 3726 1196 3811; x_wconf 80' lang='lat' dir='ltr'>exemplo</span> <span class='ocrx_word' id='word_1_219' title='bbox 1219 3728 1308 3791; x_wconf 83' lang='lat' dir='ltr'>illius</span> 
     </span>
     <span class='ocr_line' id='line_1_30' title="bbox 256 3825 1307 3913; baseline -0.002 -20"><span class='ocrx_word' id='word_1_220' title='bbox 256 3832 291 3893; x_wconf 94' lang='lat' dir='ltr'>iu</span> <span class='ocrx_word' id='word_1_221' title='bbox 331 3830 458 3894; x_wconf 64' lang='lat' dir='ltr'>caeteris</span> <span class='ocrx_word' id='word_1_222' title='bbox 502 3826 716 3913; x_wconf 87' lang='lat' dir='ltr'>principibus,</span> <span class='ocrx_word' id='word_1_223' title='bbox 754 3825 892 3912; x_wconf 79' lang='lat' dir='ltr'>gloriam</span> <span class='ocrx_word' id='word_1_224' title='bbox 933 3834 968 3891; x_wconf 90' lang='lat' dir='ltr'>et</span> <span class='ocrx_word' id='word_1_225' title='bbox 1006 3826 1172 3893; x_wconf 91' lang='lat' dir='ltr'>honorem.</span> <span class='ocrx_word' id='word_1_226' title='bbox 1230 3830 1307 3894; x_wconf 84' lang='lat' dir='ltr'>Sors</span> 
     </span>
     <span class='ocr_line' id='line_1_31' title="bbox 256 3926 1307 4016; baseline -0.002 -21"><span class='ocrx_word' id='word_1_227' title='bbox 256 3953 398 4016; x_wconf 84' lang='lat' dir='ltr'>ueroque</span> <span class='ocrx_word' id='word_1_228' title='bbox 422 3939 639 4015; x_wconf 79' lang='lat' dir='ltr'>tyrannorum</span> <span class='ocrx_word' id='word_1_229' title='bbox 672 3926 742 3992; x_wconf 74' lang='lat' dir='ltr'>hece</span> <span class='ocrx_word' id='word_1_230' title='bbox 765 3932 824 4005; x_wconf 88' lang='lat' dir='ltr'>ost,</span> <span class='ocrx_word' id='word_1_231' title='bbox 848 3928 966 4013; x_wconf 85' lang='lat' dir='ltr'>utqui</span> <span class='ocrx_word' id='word_1_232' title='bbox 1002 3934 1104 3994; x_wconf 83' lang='lat' dir='ltr'>terret</span> <span class='ocrx_word' id='word_1_233' title='bbox 1127 3930 1202 4015; x_wconf 89' lang='lat' dir='ltr'>plus</span> <span class='ocrx_word' id='word_1_234' title='bbox 1237 3931 1307 4016; x_wconf 89' lang='lat' dir='ltr'>ipse</span> 
     </span>
     <span class='ocr_line' id='line_1_32' title="bbox 254 4032 393 4098; baseline 0 0"><span class='ocrx_word' id='word_1_235' title='bbox 254 4032 393 4098; x_wconf 61' lang='lat' dir='ltr'>tinient*</span> 
     </span>
    </p>
   </div>
   <div class='ocr_carea' id='block_1_3' title="bbox 263 4187 448 4198">
    <p class='ocr_par' dir='ltr' id='par_1_3' title="bbox 263 4187 448 4198">
     <span class='ocr_line' id='line_1_33' title="bbox 263 4187 448 4198; baseline -0.011 -1"><span class='ocrx_word' id='word_1_236' title='bbox 263 4193 271 4197; x_wconf 93' lang='lat'>..</span> <span class='ocrx_word' id='word_1_237' title='bbox 284 4188 393 4198; x_wconf 79' lang='lat'><em>——-—</em></span> <span class='ocrx_word' id='word_1_238' title='bbox 406 4187 430 4192; x_wconf 91' lang='lat'>---</span> <span class='ocrx_word' id='word_1_239' title='bbox 439 4187 448 4191; x_wconf 98' lang='lat'><em>-</em></span> 
     </span>
    </p>
   </div>
   <div class='ocr_carea' id='block_1_4' title="bbox 256 4253 1307 4560">
    <p class='ocr_par' dir='ltr' id='par_1_4' title="bbox 256 4253 1307 4401">
     <span class='ocr_line' id='line_1_34' title="bbox 291 4253 1307 4320; baseline -0.004 -11"><span class='ocrx_word' id='word_1_240' title='bbox 291 4265 297 4295; x_wconf 91' lang='lat'><strong>¹</strong></span> <span class='ocrx_word' id='word_1_241' title='bbox 317 4261 500 4318; x_wconf 76' lang='lat' dir='ltr'>relevationem,</span> <span class='ocrx_word' id='word_1_242' title='bbox 518 4258 552 4315; x_wconf 84' lang='grc' dir='ltr'>Λ,</span> <span class='ocrx_word' id='word_1_243' title='bbox 567 4256 608 4316; x_wconf 81' lang='grc'>0;</span> <span class='ocrx_word' id='word_1_244' title='bbox 626 4254 759 4304; x_wconf 74' lang='lat' dir='ltr'>revelatio·</span> <span class='ocrx_word' id='word_1_245' title='bbox 838 4256 848 4285; x_wconf 85' lang='lat'><strong>⁴</strong></span> <span class='ocrx_word' id='word_1_246' title='bbox 866 4253 943 4317; x_wconf 84' lang='lat' dir='ltr'>“Qui</span> <span class='ocrx_word' id='word_1_247' title='bbox 955 4262 1042 4314; x_wconf 78' lang='lat' dir='ltr'>terret,</span> <span class='ocrx_word' id='word_1_248' title='bbox 1059 4257 1116 4320; x_wconf 75' lang='lat' dir='ltr'>plus</span> <span class='ocrx_word' id='word_1_249' title='bbox 1135 4256 1191 4319; x_wconf 77' lang='lat' dir='ltr'>ipsc</span> <span class='ocrx_word' id='word_1_250' title='bbox 1207 4256 1307 4307; x_wconf 83' lang='lat' dir='ltr'>timel.”</span> 
     </span>
     <span class='ocr_line' id='line_1_35' title="bbox 256 4333 1307 4401; baseline 0.003 -16"><span class='ocrx_word' id='word_1_251' title='bbox 256 4360 318 4401; x_wconf 58' lang='lat' dir='ltr'>aneni,</span> <span class='ocrx_word' id='word_1_252' title='bbox 332 4344 370 4392; x_wconf 59' lang='lat' dir='ltr'>li:</span> <span class='ocrx_word' id='word_1_253' title='bbox 389 4338 560 4395; x_wconf 73' lang='lat' dir='ltr'>relevationes,</span> <span class='ocrx_word' id='word_1_254' title='bbox 573 4337 600 4384; x_wconf 78' lang='lat' dir='ltr'>Z.</span> <span class='ocrx_word' id='word_1_255' title='bbox 805 4333 940 4385; x_wconf 83' lang='lat' dir='ltr'>Claudiun.</span> <span class='ocrx_word' id='word_1_256' title='bbox 964 4336 996 4383; x_wconf 93' lang='lat' dir='ltr'>de</span> <span class='ocrx_word' id='word_1_257' title='bbox 1019 4336 1070 4385; x_wconf 86' lang='lat' dir='ltr'>IV.</span> <span class='ocrx_word' id='word_1_258' title='bbox 1090 4336 1168 4387; x_wconf 85' lang='lat' dir='ltr'>Cous.</span> <span class='ocrx_word' id='word_1_259' title='bbox 1191 4336 1307 4398; x_wconf 72' lang='lat' dir='ltr'>bonerii,</span> 
     </span>
    </p>

    <p class='ocr_par' dir='ltr' id='par_1_5' title="bbox 291 4412 926 4476">
     <span class='ocr_line' id='line_1_36' title="bbox 291 4412 926 4476; baseline -0.009 -9"><span class='ocrx_word' id='word_1_260' title='bbox 291 4423 301 4454; x_wconf 70' lang='lat'>&#39;²</span> <span class='ocrx_word' id='word_1_261' title='bbox 319 4421 420 4476; x_wconf 67' lang='lat' dir='ltr'>ascetria,</span> <span class='ocrx_word' id='word_1_262' title='bbox 433 4418 479 4468; x_wconf 78' lang='lat' dir='ltr'>ius.</span> <span class='ocrx_word' id='word_1_263' title='bbox 491 4417 527 4475; x_wconf 85' lang='lat' dir='ltr'>L;</span> <span class='ocrx_word' id='word_1_264' title='bbox 545 4431 595 4465; x_wconf 85' lang='lat' dir='ltr'>om.</span> <span class='ocrx_word' id='word_1_265' title='bbox 607 4416 643 4474; x_wconf 79' lang='lat' dir='ltr'>A,</span> <span class='ocrx_word' id='word_1_266' title='bbox 656 4416 686 4464; x_wconf 87' lang='lat' dir='ltr'>Z.</span> <span class='ocrx_word' id='word_1_267' title='bbox 805 4412 856 4463; x_wconf 80' lang='lat' dir='ltr'>viii.</span> <span class='ocrx_word' id='word_1_268' title='bbox 869 4418 926 4462; x_wconf 78' lang='lat'><strong>290.</strong></span> 
     </span>
    </p>

    <p class='ocr_par' dir='ltr' id='par_1_6' title="bbox 291 4498 522 4560">
     <span class='ocr_line' id='line_1_37' title="bbox 291 4498 522 4560; baseline -0.017 -10"><span class='ocrx_word' id='word_1_269' title='bbox 291 4504 301 4534; x_wconf 80' lang='lat'>³</span> <span class='ocrx_word' id='word_1_270' title='bbox 319 4508 364 4560; x_wconf 79' lang='lat' dir='ltr'>est,</span> <span class='ocrx_word' id='word_1_271' title='bbox 376 4500 411 4557; x_wconf 82' lang='lat' dir='ltr'>Z;</span> <span class='ocrx_word' id='word_1_272' title='bbox 429 4513 479 4548; x_wconf 89' lang='lat' dir='ltr'>om.</span> <span class='ocrx_word' id='word_1_273' title='bbox 493 4498 522 4547; x_wconf 89' lang='lat' dir='ltr'>L.</span> 
     </span>
    </p>
   </div>
   <div class='ocr_carea' id='block_1_5' title="bbox 0 0 1660 5662">
    <p class='ocr_par' dir='ltr' id='par_1_7' title="bbox 0 0 1660 5662">
     <span class='ocr_line' id='line_1_38' title="bbox 0 0 1660 5662; baseline 0 0"><span class='ocrx_word' id='word_1_274' title='bbox 0 0 1660 5662; x_wconf 95' lang='lat' dir='ltr'> </span> 
     </span>
    </p>
   </div>
  </div>
 </body>
</html>
