3278 5662
242 776 307 828 nn.
326 765 436 855 1170]
678 794 856 842 erroreum.
1229 782 1293 848 257

244 971 302 1038 lin
326 978 481 1063 injuriam
506 988 628 1049 sanctur
645 983 893 1049 Cantuariensia
917 982 1059 1047 ecclesiae
1083 990 1116 1047 et
1139 989 1294 1057 nostram,

245 1080 424 1145 suarlctur‘2
456 1085 485 1148 ci
510 1092 548 1148 ut
581 1108 640 1170 per
673 1106 808 1149 manum
833 1085 1031 1149 venerabilis
1054 1085 1165 1148 fratris
1189 1086 1293 1149 nostri

245 1180 458 1248 Eboraeeusis
480 1186 715 1272 archicpiscopi
740 1187 846 1249 filium
879 1209 976 1250 suum
1011 1188 1160 1251 coronari
1184 1186 1293 1251 faciat.

247 1283 316 1347 Nos·
340 1288 472 1369 quirlcm
497 1311 539 1352 ex
573 1291 772 1354 conscientia
803 1295 915 1352 nostra
949 1289 991 1353 ed
1025 1289 1292 1354 reformationem

247 1388 335 1469 pacis
368 1389 401 1451 in
425 1390 566 1454 Domino
590 1413 649 1454 noa
682 1413 810 1476 semper
841 1390 1031 1468 obtulimuS,
1055 1392 1161 1477 parati
1194 1392 1294 1455 otiam

246 1511 334 1552 nunc
357 1490 489 1554 domino
513 1494 580 1577 regi
605 1500 639 1556 ct
662 1493 730 1556 filio
753 1515 812 1558 suo
836 1493 985 1556 debitum
1009 1492 1163 1557 honorem
1189 1499 1223 1557 ct
1245 1514 1295 1556 rc·

246 1592 428 1654 verentium
477 1594 510 1656 in
557 1594 689 1657 Christo
727 1615 786 1679 per
832 1595 942 1658 omnia
980 1594 1145 1672 exhibere,
1185 1600 1227 1670 et,
1266 1593 1294 1655 si

246 1693 379 1755 domino
406 1694 473 1777 rogi
508 1694 677 1785 placuerit,
702 1717 761 1780 pro
784 1695 897 1760 debito
929 1696 1026 1760 officii
1059 1697 1172 1773 nostri,
1198 1695 1295 1759 inun-

245 1816 320 1877 gere
352 1800 386 1858 et
418 1816 570 1859 coronare
605 1798 640 1858 in
678 1819 791 1881 regem,
824 1794 932 1862 sicut³
965 1803 1152 1863 antecessor
1182 1802 1296 1861 noster

246 1895 353 1980 ipsum
387 1896 556 1960 (lominum
589 1905 739 1962 nostrum
764 1899 873 1983 (cujus
906 1898 1168 1963 incolumitatem
1204 1899 1294 1962 Deus

246 1996 288 2059 ad
326 1996 481 2061 honorem
515 2020 621 2075 suum,
645 2008 680 2064 et
711 1999 916 2064 utilitatem4
947 1999 1025 2063 cleri
1057 2005 1092 2063 et
1114 1998 1236 2084 populi,
1260 1999 1295 2062 in

246 2099 335 2162 omni
359 2101 575 2184 prosperitate
611 2123 668 2187 per
695 2101 793 2185 longa
827 2109 975 2185 tempora
1007 2102 1154 2183 tueatur)
1179 2100 1294 2185 <ligno-

246 2200 348 2265 scitur
371 2221 580 2267 coneccrassc.
627 2203 725 2267 Unde
757 2202 862 2285 major
884 2207 918 2265 et
951 2201 1138 2266 evidentior
1171 2201 1296 2286 injuria

247 2303 344 2365 matri
393 2304 534 2367 vestrze⁵
572 2302 803 2368 Cantuariensi
843 2303 985 2367 ecelesiae
1024 2303 1224 2387 irrogaretur
1262 2310 1296 2367 ct

246 2402 350 2478 nobie,
383 2403 411 2465 si
449 2403 511 2468 hoc
542 2404 626 2467 alius
665 2404 900 2489 cujuscumque
938 2403 1099 2467 instinctu
1134 2423 1295 2487 usurpare

247 2514 465 2588 pnusumerct.
502 2505 658 2569 Prohibet
674 2505 743 2585 hoc,
758 2506 955 2570 auctoritate
971 2526 1047 2589 quae
1063 2505 1190 2568 cunctis
1212 2525 1296 2589 pne·

247 2607 377 2681 eminet,
402 2629 547 2670 summus
583 2607 742 2691 pontifex,
766 2608 852 2672 sicut
884 2629 925 2671 cx
958 2605 1078 2670 littoris
1111 2606 1191 2689 ejus,
1214 2626 1297 2689 quae

249 2708 341 2772 vobis
366 2710 537 2783 mittimur,
555 2710 691 2794 potestis
713 2710 894 2784 advertere,
911 2714 944 2771 ct
967 2709 997 2772 ei
1021 2707 1079 2791 qui
1102 2706 1164 2771 hoc
1187 2712 1295 2771 utten-

246 2816 315 2872 tnro
354 2811 599 2894 pnesurnpscrit
639 2811 680 2889 (ai
723 2811 797 2893 quia
844 2815 956 2872 tamen
1000 2809 1064 2888 est)
1113 2807 1295 2892 periculum

248 2910 388 2987 honoria,
413 2911 521 2986 officii,
545 2917 579 2975 ct
602 2912 749 2976 beneficii
784 2915 936 2995 patenter
968 2908 1138 2971 imminere
1170 2909 1297 2972 denun-

249 3012 319 3075 tiat.
369 3012 438 3073 Nos
474 3013 582 3088 etiam,
607 3013 712 3098 ipsius
746 3011 942 3076 auctoritate
974 3008 1051 3073 freti
1086 3009 1297 3074 universitati

250 3120 367 3177 vesu-ze.
401 3114 435 3175 in
460 3114 586 3178 virtute
619 3114 824 3188 obedientiae,
846 3113 881 3176 in
913 3111 1057 3197 periculo
1088 3111 1212 3175 ordinis
1221 3110 1234 3145 '³
1265 3118 1300 3176 ct

249 3215 407 3291 beneficii,
439 3216 500 3279 sub
535 3216 744 3282 anathemate
781 3215 999 3300 preacipiendo
1033 3213 1237 3289 mandamur,
1260 3219 1300 3278 ut

249 3317 310 3381 hoe
344 3317 456 3383 nullus
493 3326 640 3383 vestrum
675 3325 827 3394 attentet,
851 3339 911 3382 nec
942 3315 1124 3381 attentanti
1147 3315 1300 3395 amistat3

249 3419 314 3495 sod,
338 3420 515 3503 apostolica
552 3420 759 3497 auctoritate,
784 3419 925 3504 quilibet
952 3424 1098 3483 vestrum
1134 3417 1300 3502 exquisita

250 3520 443 3605 diligentius
466 3523 716 3607 opportunitate
747 3522 897 3585 inhibeat
920 3519 1150 3605 praesumlrtori
1174 3542 1215 3583 nc
1239 3520 1300 3585 hoc

250 3629 395 3705 usurpet,
435 3629 469 3686 ot
506 3645 526 3687 a
565 3625 794 3689 communione
828 3623 919 3685 illius
951 3621 1125 3685 abstineat.
1184 3620 1301 3686 Valote

250 3745 377 3807 semper
400 3724 604 3788 dilectissimi
629 3724 747 3790 frat-res
770 3726 805 3787 in
830 3722 970 3787 Christo.

250 3876 581 3884 ——u—

833 3951 843 3981 ⁴
862 3948 1020 4009 uoluntatem,
1032 3950 1065 3997 Α.

281 4032 291 4062 '·'
309 4031 456 4088 recuderetur,
470 4028 502 4078 L.
834 4029 844 4059 ⁵
861 4035 959 4088 uectroe,
971 4028 1006 4087 A,
1019 4027 1053 4085 Z;
1071 4033 1170 4087 nostre,
1181 4028 1212 4075 L.

284 4110 294 4137 ³
312 4107 378 4168 lieet,
390 4108 420 4157 Ο.
835 4105 845 4135 ⁶
862 4106 970 4161 ordinis,
981 4108 1015 4166 A,
1028 4107 1068 4163 0;
1086 4105 1197 4166 honoria,
1208 4105 1236 4166 Z,
1250 4108 1279 4155 la.
