3278 5662
369 730 433 792 540
815 744 995 794 srrsrotn.
1228 732 1321 817 [an.
1341 733 1449 803 1172.

364 929 555 1015 apparuerit
587 928 814 1014 religiosorum
847 951 1015 1007 numerus,
1038 932 1151 1017 procul
1184 932 1290 999 dubio
1327 935 1446 1021 major

363 1032 407 1096 ab
428 1031 544 1095 ineolis
567 1030 703 1094 domui1
727 1032 913 1096 reverentia
935 1032 1156 1113 exhibebitur,
1179 1040 1214 1100 et
1236 1036 1444 1104 malefacto-

363 1155 436 1197 rum
459 1133 652 1219 improbitas
675 1133 807 1200 facilius
831 1134 1049 1220 conquiescet.

715 1410 1088 1423 -——

750 1603 1015 1671 DOCLXXXII.

386 1759 521 1822 Parrus
546 1757 733 1822 Bussrusrs
756 1773 804 1822 sn
828 1773 1023 1823 esueurees
1047 1773 1095 1823 nr
1118 1759 1415 1827 Brito-Vincas„

545 1908 608 1970 (Ms.
621 1907 738 1966 CCCC.;
757 1909 812 1957 Pet.
826 1907 893 1957 Bles.
906 1909 946 1968 27,
959 1909 998 1958 cd.
1011 1907 1223 1971 Gousninville.)

426 2034 611 2100 Carissimis
648 2035 808 2100 fratribus
846 2040 881 2100 et
912 2035 1027 2101 amieis
1065 2037 1133 2101 suis
1171 2037 1343 2104 canonicis
1387 2040 1433 2106 de

363 2137 567 2202 Bellovidcre
592 2137 749 2222 magister
788 2136 940 2222 P[etrus]
973 2136 1147 2215 Blesensis,
1182 2138 1432 2207 Bathoniensia

363 2239 625 2317 archidiaconus,
647 2239 788 2304 salutern
813 2244 849 2303 et
871 2238 1092 2306 dilectionem.

196 2360 331 2425 Europum
408 2343 557 2408 Decessit
578 2347 693 2428 pastor
723 2343 909 2406 animarum
942 2348 1139 2421 nostrarum,
1170 2343 1264 2428 cujus
1288 2344 1428 2410 ebitum

193 2429 312 2558 {aff
362 2444 440 2510 flere
463 2445 683 2520 decreveram,
706 2443 766 2507 sed
789 2443 934 2522 recessit,
956 2463 1025 2507 non
1048 2444 1212 2523 decessit3
1233 2446 1329 2522 abiit,
1351 2468 1428 2513 non

194 2561 313 2615 rhomae.
362 2547 454 2613 obiit.
526 2546 613 2611 Mors
651 2547 750 2622 enim,
786 2566 845 2630 per
884 2565 984 2629 quam
1022 2546 1216 2612 mirificavit
1248 2547 1441 2641 Dominus·

361 2655 511 2715 sanctum
551 2669 658 2725 suum,
684 2668 753 2712 non
792 2652 841 2712 est
877 2667 965 2712 mors
998 2648 1056 2712 sed
1091 2648 1248 2714 dormitio
1260 2672 1269 2729 ;
1302 2657 1426 2736 portus

362 2751 478 2815 mortis
515 2755 550 2815 et
587 2753 685 2834 porta
722 2748 812 2826 vitae,
847 2747 1006 2813 introitus
1040 2748 1078 2813 in
1110 2750 1244 2816 delicias
1276 2751 1425 2819 celestis

362 2852 487 2936 patriae,
525 2851 561 2915 in
600 2849 765 2936 potentias
804 2848 949 2925 Domini,
987 2849 1024 2913 in
1061 2849 1218 2935 abyssum
1255 2852 1424 2920 claritatis

361 2959 501 3019 aeternae.
548 2952 686 3038 Peregre
701 2951 864 3037 siquidem
880 2949 1069 3036 profectus,2
1083 2953 1248 3018 sacculum
1267 2956 1422 3040 munias

361 3078 471 3121 secum
509 3054 632 3120 detulit
670 3053 706 3117 in
744 3053 929 3138 plenilunio
967 3075 1180 3132 reversurus3
1215 3056 1287 3142 ejus
1326 3058 1419 3123 enim

360 3158 481 3234 anima,
520 3157 613 3222 dives
647 3155 784 3231 meritis,
823 3155 976 3220 recedens
1008 3177 1029 3221 a
1062 3177 1204 3242 corpore,
1238 3160 1273 3223 in
1310 3181 1421 3225 resur-

361 3261 505 3326 rectione
543 3257 689 3346 generali
727 3262 762 3320 ct
805 3255 904 3340 plena
937 3256 981 3320 ad
1020 3260 1195 3344 antiquum
1233 3260 1418 3347 hospitium

360 3367 553 3428 revertetur.
600 3361 685 3426 (lum
709 3358 832 3422 multas
865 3359 1007 3424 virtutes
1042 3363 1136 3445 quasi
1159 3384 1281 3428 merces
1304 3365 1417 3431 varias

360 3465 395 3528 in
420 3484 524 3528 unum
547 3459 743 3527 fasciculum
767 3460 1025 3544 comportaverit
1057 3462 1099 3526 ad
1122 3464 1269 3529 caelestes
1291 3467 1416 3530 nundi-

359 3587 418 3629 nas
458 3562 671 3650 profecturus,
709 3558 809 3647 plena
847 3560 976 3624 dicrum
1024 3563 1146 3640 vetula,
1182 3585 1268 3629 mors
1302 3567 1415 3632 saeculi

359 3667 495 3744 scilicet,
529 3687 614 3730 anus
653 3663 813 3750 improba,
845 3661 1000 3748 litigiosa,
1032 3665 1178 3748 querula,
1212 3666 1416 3752 importuna,

358 3771 481 3846 invida,
505 3768 640 3833 inimica
662 3772 697 3831 et
726 3763 874 3839 subdola,
906 3765 1008 3850 coepit
1040 3766 1209 3833 revolvere
1232 3770 1416 3836 sarcinulas

357 3874 436 3958 ejus,
470 3877 505 3936 et
540 3867 763 3954 scrupulosius
801 3866 972 3950 explorare
1010 3866 1120 3951 siquid
1157 3874 1244 3935 esset
1280 3871 1316 3934 in
1355 3872 1414 3938 illo

357 3973 551 4038 meritorum
574 3969 747 4033 involucro
779 3967 868 4051 quod
900 3968 943 4032 ad
977 3968 1081 4053 ipsius
1105 3969 1286 4036 dominium
1309 3975 1412 4059 perti-

356 4081 460 4141 neret.
531 4073 607 4157 Ipse
639 4075 760 4145 autem,
793 4074 953 4154 tanquam
993 4071 1045 4134 vir
1082 4071 1338 4159 circumspectus
1375 4083 1412 4142 et

357 4178 512 4264 prudens,
534 4173 644 4238 noluit
678 4171 758 4237 vitae
792 4192 861 4235 susa
892 4172 1054 4237 sustinere
1089 4173 1317 4260 dispendium
1350 4176 1409 4243 diu

357 4280 445 4345 enim
468 4276 715 4342 desideraverat
739 4272 904 4338 “dissolvi
940 4280 975 4338 et
998 4296 1067 4339 esse
1089 4296 1165 4340 cum
1189 4275 1350 4355 Christo,”
1373 4286 1410 4344 et

357 4387 437 4446 tunc
471 4379 673 4465 permaxime
708 4376 897 4462 suspirabat
930 4377 1020 4442 exire
1053 4377 1094 4442 de
1126 4400 1259 4466 corpore
1293 4381 1410 4448 mortis

389 4633 397 4665 ¹
414 4633 503 4694 donari,
515 4633 553 4691 Z,
572 4630 674 4689 domini,
687 4629 721 4689 L,
733 4629 767 4681 G.
858 4628 864 4695 Ι
922 4632 933 4662 ²
946 4631 1114 4695 profecturus,
1130 4632 1162 4682 G.
