3278 5662
377 753 418 814 26
811 768 984 816 ammons.
1228 761 1308 846 [nn.
1330 766 1430 831 1169.

375 961 543 1021 vocantem
576 958 618 1022 ad
651 957 838 1043 iniqnitatis
871 957 1073 1021 consortium
1105 963 1200 1046 sequi
1233 965 1433 1044 noluimus,¹

376 1058 459 1144 petit
480 1079 539 1124 nos
562 1062 690 1126 evocari
712 1083 734 1125 a
760 1058 860 1135 vobis
885 1059 982 1123 utin
1006 1061 1150 1126 transitu
1181 1066 1288 1149 possit
1320 1071 1431 1134 nostri

375 1160 543 1246 sanguinis
575 1183 649 1226 cum
685 1160 872 1247 iniquitatis
904 1182 971 1224 suaa
1003 1164 1211 1230 consortibus
1234 1168 1430 1253 qualecum-

375 1284 438 1347 quc
460 1284 609 1328 exercere
631 1264 867 1330 commercium.
914 1261 1000 1341 Quid
1026 1264 1114 1328 enim
1137 1266 1230 1332 aliud
1254 1269 1320 1334 sibi
1343 1273 1431 1350 vult,

375 1364 462 1450 quod
495 1364 761 1442 Mediolanenses,
795 1366 1038 1443 Cremonenses,
1072 1372 1106 1431 et
1141 1368 1359 1438 Parmensee²
1392 1374 1432 1440 in

375 1465 630 1532 exterminium³
663 1474 812 1533 nostrum
850 1467 997 1545 mercede
1032 1475 1204 1555 corruptos
1238 1472 1430 1543 sollicitati

377 1568 465 1649 Quid
500 1569 714 1656 Papiensibus
746 1576 805 1636 aut
839 1558 919 1635 aliis
936 1569 1046 1635 Italiae
1079 1571 1277 1639 civitatibus
1312 1579 1429 1644 nocui-

377 1694 449 1737 mus
481 1694 634 1758 unquam,
658 1678 697 1738 ut
728 1678 877 1738 nostrum
904 1670 1066 1741 ,exsilium
1099 1683 1340 1759 procurarent?
1388 1681 1431 1745 In

376 1796 441 1861 quo
464 1774 607 1840 laesimus
641 1776 805 1861 sapientes
837 1773 1001 1850 Bononiae,
1025 1775 1083 1860 qui
1115 1777 1228 1842 nunc4
1255 1780 1431 1849 sollicitati

377 1875 527 1964 precibus
558 1884 592 1943 et
626 1878 802 1963 promissis,
827 1875 983 1963 perniciei
1011 1878 1153 1953 nostrae,⁶
1176 1901 1278 1965 quam
1301 1888 1429 1950 certam

376 1978 557 2056 audierant,
581 1978 759 2045 voluerunt
782 1979 859 2043 dore
882 1984 1102 2045 consensum?
1148 1979 1248 2048 Certe
1276 2005 1338 2050 nos
1362 1986 1429 2052 Ro·

377 2081 505 2147 bertum
530 2081 570 2147 de
606 2079 811 2147 Bassevilla⁶
833 2101 901 2145 non
932 2080 1234 2166 proscripseramus,
1257 2090 1293 2150 et
1316 2091 1432 2154 tamen

377 2182 665 2249 sollicitationibus
703 2184 858 2249 inductus
893 2188 943 2260 cst
977 2188 1016 2246 ut
1053 2189 1200 2249 nostram
1238 2188 1331 2272 apud
1369 2210 1431 2256 vos

377 2284 608 2372 perpetuaret⁷
635 2286 915 2371 proscriptionem.
961 2283 1046 2351 Dolo
1069 2290 1181 2350 tamen
1205 2293 1322 2373 postea
1355 2313 1433 2378 cog·

378 2388 459 2466 nito,
474 2389 673 2474 poenitentia
695 2389 814 2454 ductus
829 2387 961 2474 rogavit
976 2408 1017 2452 ne
1041 2386 1144 2473 ipsius
1159 2388 1287 2474 injusta
1309 2393 1432 2478 petitio

378 2490 556 2555 audiretur.
617 2490 777 2556 Ricardus
818 2490 1047 2575 Syracusanus
1085 2489 1216 2567 electus,
1254 2501 1431 2580 corruptus

378 2597 512 2679 accepta
548 2615 605 2679 spe
645 2590 911 2658 Lincolniensis⁸
948 2590 1164 2676 episcopatus,
1202 2601 1431 2677 persecutores

379 2700 507 2761 nostros
525 2696 618 2780 juvit
638 2694 765 2782 opibus,
780 2693 924 2759 armavit
939 2691 1083 2769 consilio,
1101 2691 1227 2758 viribus
1241 2695 1432 2779 roboravit3

378 2819 456 2862 narn
480 2801 514 2863 et
536 2797 599 2884 ipsi
627 2797 696 2883 regi
731 2794 851 2870 Siculo,
876 2794 966 2859 intra
989 2793 1083 2880 cujus
1117 2795 1199 2860 fines
1233 2797 1331 2863 modo
1354 2821 1433 2866 con·

379 2899 519 2977 sistitis,9
534 2906 574 2965 ut
595 2921 671 2965 eum
694 2902 849 2984 caperent
872 2895 908 2960 in
929 2896 1108 2981 perniciem
1131 2898 1276 2964 ecolesiae
1299 2905 1334 2965 et
1356 2923 1433 2968 nos·

378 3008 474 3079 tram,
489 3002 590 3067 filiam
608 3001 695 3088 regis
710 2997 842 3086 Angliae
852 2997 877 3037 ¹⁰
892 2997 1109 3083 copulandam
1127 2999 1163 3063 in
1179 3000 1431 3068 matrimonium

378 3105 608 3192 promiserunt.
669 3102 790 3166 Nonne
830 3101 1158 3185 Fragentespanem,
1195 3107 1230 3166 ct
1263 3102 1430 3171 familiam

363 3207 570 3282 ,Leoninam
593 3210 628 3269 ot
649 3209 782 3288 gentem
808 3202 997 3278 Latronum,
1021 3208 1056 3267 et
1078 3202 1159 3268 alios
1186 3203 1352 3270 Romanos
1375 3229 1433 3293 po-

379 3308 592 3381 tentissimos,
626 3303 720 3390 quasi
752 3309 860 3369 castra
897 3303 1102 3369 conductitia
1135 3304 1358 3385 adduxerunt,
1393 3315 1433 3375 ut

378 3433 445 3476 non
468 3415 538 3474 tam
561 3409 732 3473 flecterent
761 3427 860 3491 quam
895 3405 1087 3491 frangerent
1109 3407 1277 3473 ecclesiam
1310 3411 1431 3480 Rorna-

378 3518 480 3579 narnl
527 3511 650 3577 Sedet
681 3530 795 3595 paoem
819 3508 1027 3595 imperatoris
1050 3516 1084 3574 et
1119 3509 1288 3576 Saxonum
1321 3535 1433 3600 repro-

379 3616 529 3690 mittunt,
545 3618 579 3678 et
601 3611 690 3697 quod
713 3632 827 3676 omnes
850 3611 1027 3685 Romanos,
1051 3611 1131 3676 data
1163 3613 1312 3697 pecunia,
1335 3605 1458 3681 indul

379 3723 456 3785 cent
478 3722 519 3781 nt
540 3715 667 3781 faciant
688 3712 885 3778 fidelitatem
909 3712 1044 3777 domino
1067 3734 1170 3800 papae,
1193 3715 1374 3782 dummodo
1398 3718 1433 3783 in

626 3866 813 3875 ’.κιο--
1391 3873 1424 3880 .-

413 3956 557 4020 ¹nolcmrrs,
582 3957 621 4015 L;
645 3955 695 4005 and
717 3970 746 4004 so
769 3953 797 4011 Z,
822 3950 880 4002 with
908 3968 911 4043 ι
932 3952 1093 4015 andoarium
1111 3952 1159 4002 had
1177 3953 1216 4003 led
1233 3962 1260 4003 to
1275 3953 1432 4008 mistakesin

379 4039 503 4091 accinimus
515 4038 598 4088 interl.
908 4048 911 4119 p
932 4029 1018 4089 MSS„
1029 4032 1079 4080 ond
1091 4030 1177 4095 Lupus
1188 4035 1327 4096 attempted
1339 4043 1366 4086 tr
1378 4051 1434 4086 cor.

412 4122 423 4154 2
443 4118 627 4176 Pammenem,
639 4115 674 4175 V,
687 4115 715 4165 Z.
932 4117 984 4160 rect
995 4112 1030 4175 by
1041 4111 1192 4174 conjecture.

412 4202 423 4233 ³
441 4198 617 4257 interminium,
628 4194 662 4246 V.
964 4189 975 4222 ⁸
993 4188 1166 4251 Boumaiiirr,
1178 4191 1212 4241 A.

412 4282 423 4313 ⁴
441 4295 493 4339 nec,
509 4259 627 4327 followed
643 4275 678 4339 by
696 4271 834 4332 noluerant,
848 4271 883 4332 A,
965 4267 975 4305 7
990 4268 1159 4333 perpetrarit,
1173 4269 1211 4327 0;
1229 4285 1294 4320 corr.
1305 4271 1339 4320 A.

380 4363 413 4422 0,
425 4361 451 4410 V
462 4379 469 4420 3
486 4373 552 4417 vero,
563 4354 624 4406 with
636 4352 777 4413 noluerunt,
789 4351 820 4401 L.
965 4348 976 4379 ⁸
993 4345 1170 4409 lincoliensis,
1182 4349 1217 4398 A.

412 4438 477 4490 ⁵So
497 4437 538 4495 0;
559 4432 683 4501 perniciei
700 4438 801 4490 nostra,
823 4446 883 4493 pno-
966 4426 1104 4476 lcoraristit
1115 4428 1146 4488 ir,
1158 4427 1188 4478 L.

379 4521 445 4570 niam
463 4531 573 4573 coruom,
593 4515 634 4572 A3
654 4510 776 4577 perniciei
800 4523 883 4558 rom
967 4506 987 4539 ¹⁰
1005 4505 1151 4572 duplorum,
1163 4506 1200 4566 Z;
1220 4505 1330 4572 Auplioe,
1342 4509 1372 4560 L.

380 4606 479 4657 nostre,
495 4610 585 4660 ‘quana
609 4593 639 4642 L.
684 4589 752 4652 (The
772 4587 883 4638 likeness
968 4585 985 4618 ¹¹
1003 4585 1076 4647 doto,
1090 4586 1123 4648 Ο,
1134 4586 1178 4647 A;
1197 4584 1282 4647 beato,
1295 4589 1324 4638 L.

380 4683 490 4732 between
504 4677 547 4726 tlte
559 4669 730 4725 contractione
746 4668 775 4719 oi
790 4674 883 4718 emtam
