3278 5662
379 734 444 797 246
818 752 995 803 srrsronm
1237 738 1316 822 [an.
1334 738 1433 801 1169·

377 939 433 1001 tur
455 939 492 1002 in
513 960 557 1014 ee,
573 945 616 1017 et,
640 941 704 1006 nisi
728 963 787 1027 per
803 963 861 1006 vos
884 943 1026 1019 steterit,
1041 943 1163 1008 exinde
1186 963 1315 1029 semper
1337 942 1432 1008 eritis

378 1040 414 1103 in
437 1040 546 1104 Deum
569 1041 745 1109 Pharaoni.
793 1045 913 1122 Home,
937 1047 1025 1111 inter
1048 1052 1168 1112 caetera
1190 1047 1312 1132 quibus
1335 1047 1430 1111 inno·

377 1144 445 1207 tuit
477 1146 696 1211 familiaribus
730 1155 765 1212 et
797 1140 925 1224 vicinis,
958 1149 995 1212 in
1029 1172 1067 1213 eo
1091 1149 1235 1213 maxime
1267 1149 1430 1235 gloriatur

377 1250 464 1332 qnod
499 1250 690 1335 explorator
723 1273 850 1316 morum
886 1258 946 1328 est,
969 1251 1131 1317 bonorum
1162 1252 1348 1329 insidiator,
1371 1251 1427 1315 de-

376 1352 474 1427 lusor,
498 1358 533 1417 et
563 1353 707 1433 derisor;
738 1338 779 1419 ut
801 1356 830 1419 si
863 1355 947 1419 forle
971 1350 1111 1421 verbum
1135 1355 1302 1420 incautius
1325 1353 1427 1417 alicui

376 1453 536 1530 elabatur,
552 1456 676 1533 statim,
700 1456 861 1520 adhibitis
884 1456 1027 1521 testibus
1044 1459 1146 1542 ¹quasi
1168 1456 1231 1521 sub
1258 1461 1426 1541 praetextu

376 1557 507 1641 injurius
530 1579 597 1622 suae
620 1559 674 1624 vel
697 1559 816 1623 erroris
839 1559 949 1632 alieni,
979 1559 1093 1644 sugam
1116 1563 1221 1645 paret,
1245 1562 1285 1622 ut
1311 1553 1425 1641 juste¹

375 1659 525 1725 recedere
559 1659 723 1725 videatur.
784 1660 871 1753 Cum
912 1682 990 1746 ergo
1028 1662 1253 1736 convenietur,
1285 1660 1351 1723 erit
1387 1658 1424 1721 in

375 1764 464 1827 omni
502 1785 538 1828 re
575 1761 765 1828 adhibenda
801 1764 973 1841 modestia,
1010 1786 1031 1829 a
1069 1763 1282 1849 multiloquio
1319 1760 1423 1826 absti-

374 1866 529 1930 nendum.

204 1964 354 2065 proppius
417 1966 586 2033 Articuli²
617 1989 724 2033 caussa
747 1969 938 2033 summatim
969 1969 1177 2055 colligantur,
1200 1966 1422 2033 insistendum

205 2046 315 2145 lidi*
373 2071 566 2155 diligentius
597 2076 638 2134 ut
671 2072 868 2155 respondeat
899 2072 943 2141 ad
974 2073 1151 2158 proposita,
1190 2070 1346 2157 quoniam
1379 2089 1421 2132 ex

371 2172 609 2238 consuetudine
650 2173 804 2257 dyscolus
849 2180 907 2239 est.
969 2175 1076 2260 Super
1113 2174 1226 2238 omnia
1255 2170 1420 2258 fugiendae

204 2287 333 2351 Aujourn-
371 2276 547 2339 dilationes
570 2295 652 2359 quas
675 2274 731 2340 ille
754 2296 882 2360 semper
912 2277 1085 2342 consuevit
1107 2277 1271 2353 inducere,
1294 2279 1329 2338 et
1350 2293 1420 2347 vos,

203 2362 357 2471 wi&
371 2382 510 2462 urgente
541 2376 699 2442 mandato
733 2377 921 2463 apostolico,
952 2378 1128 2443 admittere
1160 2398 1228 2441 non
1258 2375 1418 2461 potestis3

369 2500 429 2543 nec
459 2478 597 2564 expedit
627 2483 666 2542 ut
700 2478 873 2545 consilium
906 2478 1075 2544 vestrum⁸
1095 2478 1196 2544 alicui
1223 2478 1418 2552 innotescet,

369 2582 448 2666 quia
463 2582 648 2667 scorpiones
671 2587 751 2646 sunt
775 2582 972 2667 quifaoiem
995 2581 1196 2667 praeferent⁴
1226 2581 1415 2647 amicorum.

370 2683 681 2749 Commodissimum
705 2704 783 2748 vero
806 2683 942 2751 videtur
963 2684 1137 2749 exordium
1152 2705 1174 2748 a
1195 2682 1318 2747 litteris
1334 2703 1417 2765 quas

367 2785 423 2849 ei⁶
446 2785 600 2850 dominus
622 2804 709 2870 papa
732 2785 927 2863 transmisit,
950 2785 1072 2870 quibus
1096 2789 1241 2850 testatur
1271 2783 1335 2848 sibi
1358 2805 1417 2868 per

368 2889 496 2955 litteras
520 2895 555 2954 et
586 2889 722 2954 nuntios
744 2889 831 2974 regis
854 2888 1077 2973 significatum
1101 2909 1169 2953 esse
1193 2887 1282 2972 quod
1304 2882 1416 2950 idem⁶

367 3013 424 3056 rex
447 2990 689 3076 archiepiscopo
713 2989 946 3055 Cantuariensi
968 2993 1171 3055 concesserat
1193 2995 1233 3055 ut
1247 2989 1291 3053 ad
1314 2988 1415 3053 ecole-

367 3094 450 3157 siam
472 3115 566 3159 suam
589 3093 625 3157 in
648 3093 738 3157 omni
761 3092 937 3158 securitate
952 3092 1074 3169 redeat,
1097 3105 1133 3155 et
1162 3091 1212 3155 eui
1237 3112 1349 3155 omnes
1371 3091 1414 3155 ad

366 3215 434 3272 sua,
458 3194 605 3259 habituri
629 3193 848 3278 possessiones
870 3213 946 3257 suas
969 3215 1082 3257 omnes
1105 3193 1191 3258 sicut
1213 3213 1269 3258 eas
1295 3192 1413 3257 melius

363 3294 551 3361 habuerunt
573 3295 653 3359 dum
676 3294 712 3357 in
734 3295 842 3378 gratia
864 3294 950 3379 regis
973 3299 1091 3359 essent.

195 3408 314 3461 'rhetias
408 3397 579 3462 Secundus
609 3396 769 3461 articulus
804 3401 863 3472 est,
887 3402 926 3460 ut
956 3396 1097 3461 eundem
1131 3397 1410 3483 archiepiscopum

193 3478 346 3596 ssgffiffig}
361 3500 397 3563 in
420 3499 530 3565 osculo
562 3499 652 3584 pacis
679 3498 838 3584 recipiat3
868 3519 941 3582 quse
971 3498 1077 3563 forma
1111 3499 1267 3564 solemnis
1302 3499 1410 3563 estin

360 3602 450 3666 omni
476 3606 576 3687 gente
598 3604 633 3665 et
655 3601 692 3664 in
723 3600 813 3664 omni
848 3599 1014 3683 religione,
1038 3607 1073 3664 et
1095 3600 1179 3666 citra
1202 3622 1299 3686 quam
1331 3622 1409 3663 nus-

359 3726 459 3789 quam
492 3725 560 3789 pax
582 3707 683 3767 antea
717 3701 950 3767 dissidentium
983 3703 1218 3781 confirmatur;
1248 3724 1319 3774 nec,
1340 3709 1410 3766 tam

358 3807 481 3871 vicario
505 3806 566 3869 filii
590 3805 675 3890 regis
700 3805 809 3870 osculo
824 3805 995 3870 videretur
1009 3804 1273 3892 archiepiscopus
1294 3827 1408 3891 pacem

359 3908 562 3992 recepisses
595 3929 680 3993 rege,
704 3928 804 3990 quam
836 3908 872 3971 in
905 3907 968 3970 filii
991 3907 1062 3993 ejus
1095 3909 1239 3994 gratiam
1262 3908 1406 3972 rediisse.

359 4010 455 4090 Quod
479 4011 616 4076 verbum
640 4009 669 4073 ei
691 4010 791 4074 semel
815 4010 988 4074 audiretur
1019 4010 1054 4073 in
1086 4011 1194 4087 turba,
1216 4015 1335 4095 patens
1357 4015 1409 4075 est

357 4133 456 4198 quam
480 4111 585 4177 facilis
608 4111 813 4197 malignandi
828 4111 988 4176 adversus
1002 4131 1115 4196 pacem
1139 4111 1257 4176 initam
1274 4112 1407 4176 daretur

356 4216 488 4280 occasio.
519 4215 581 4279 ..Et
613 4214 641 4277 si
668 4213 912 4298 archiepiscopo
943 4212 1046 4297 (quod
1080 4213 1180 4298 absit)
1206 4234 1299 4278 secus
1324 4215 1407 4279 acei-

387 4483 395 4516 ¹
410 4486 486 4546 juste,
498 4484 533 4543 A,
545 4483 577 4543 Ο,
589 4484 626 4543 Ζ;
644 4488 719 4543 recle,
730 4483 760 4533 L.
938 4481 949 4513 ⁴
962 4481 1110 4547 praesuunt,
1122 4482 1154 4532 L.

385 4562 397 4595 ⁹
414 4561 532 4622 orticello,
543 4564 576 4622 A,
588 4562 619 4614 0.
938 4562 948 4594 ⁵
965 4562 997 4623 ei,
1009 4563 1044 4625 A,
1057 4563 1096 4623 03
1114 4565 1157 4624 eis,
1170 4563 1200 4613 L.

384 4640 395 4674 ³
412 4649 526 4698 electrum,
536 4641 570 4701 A,
583 4641 621 4701 0;
639 4649 757 4701 nostmm,
769 4641 799 4690 L.
937 4640 947 4671 ⁶
964 4640 1037 4703 idem,
1048 4657 1098 4692 om.
1111 4642 1142 4693 L.
