3278 5662
376 783 440 843 550
797 792 977 842 ammona
1231 778 1314 864 [an.
1331 778 1424 849 1173

376 983 480 1049 sancti
498 982 626 1060 Vitalis,
650 982 917 1068 presbyterorum
941 982 1209 1068 [cardinalium,¹]
1225 984 1283 1070 qui
1306 984 1434 1050 exinde

376 1085 553 1151 veritatem
587 1085 715 1169 plenius
747 1084 1032 1169 investigaverant
1063 1088 1099 1149 et
1133 1085 1207 1150 visu
1240 1090 1275 1151 et
1306 1086 1432 1152 auditu

376 1193 607 1273 cognoverant,
645 1186 753 1271 ipsum
792 1185 1068 1263 canonizavimus,
1105 1183 1167 1251 et²
1203 1187 1240 1250 in
1277 1187 1433 1274 catalogo

375 1293 563 1353 sanctorum
586 1291 867 1363 connumerantes,
889 1285 976 1350 diem
999 1286 1162 1371 passionis
1177 1308 1253 1365 suae,
1276 1276 1435 1374 proximo

209 1410 328 1460 Celebra-
377 1396 450 1475 post
478 1391 599 1455 festum
631 1395 820 1453 sanctorum
855 1388 1074 1453 Innocentum
1107 1389 1168 1467 die,
1192 1390 1233 1455 ad
1268 1389 1434 1456 honorem

208 1476 356 1594 'sffiffith‘'
378 1491 441 1556 Dei
472 1491 612 1577 singulis
643 1490 740 1554 annis
778 1489 968 1554 solemniter
1003 1489 1240 1569 celebrandam,
1272 1496 1307 1557 et
1341 1491 1434 1557 inter

311 1580 316 1592 ¹
377 1599 564 1659 sanctorum
595 1596 779 1676 martyrum
803 1591 1002 1656 festivitates
1026 1593 1337 1671 connumerandam,
1360 1615 1434 1660 esse

377 1695 628 1771 constituimus;
649 1698 683 1757 et
706 1714 777 1757 eam
800 1714 859 1778 per
879 1692 1053 1779 praedictos
1074 1694 1265 1773 cardinales,
1281 1716 1342 1761 nec
1362 1716 1434 1762 non

378 1801 414 1860 et
436 1815 495 1879 per
510 1792 768 1878 archiepiscopos
792 1798 826 1858 et
848 1793 1025 1878 episcopua,
1040 1798 1109 1859 tam
1132 1794 1168 1858 in
1183 1795 1306 1882 Anglia
1329 1816 1434 1882 quam

381 1896 418 1959 in
442 1892 574 1971 Gallia,3
595 1915 656 1960 nce
680 1914 747 1958 non
779 1899 814 1958 et
844 1895 881 1958 in
903 1893 978 1958 aliis
1011 1893 1201 1979 regionibus
1232 1897 1436 1962 constitutos

381 1995 595 2082 praecepimus
618 1995 829 2060 devotissime
852 1994 1016 2060 celebrari.
1063 1995 1151 2076 Quia
1173 1997 1277 2083 igitur
1299 1999 1390 2084 quod
1413 2020 1437 2065 a

379 2102 585 2163 sacrosancta
608 2096 757 2161 Romana
772 2096 916 2175 ecclesia,
931 2117 1006 2181 quae
1020 2096 1064 2162 ab
1086 2097 1158 2183 ipso
1172 2097 1317 2165 Domino
1331 2106 1437 2191 caput

380 2204 431 2264 cst
462 2201 496 2262 et
529 2197 688 2285 magistra
721 2197 870 2262 omnium
901 2196 1110 2263 ecclesiarum
1145 2200 1338 2278 constituta,
1361 2205 1435 2267 tam

379 2304 495 2367 sanctu
517 2304 648 2366 constat
671 2303 706 2363 et
728 2298 867 2384 provida
898 2299 1136 2366 deliberatione
1166 2301 1366 2381 ordinatum,
1388 2304 1437 2371 ab

379 2403 544 2468 universis
568 2400 693 2466 Christi
717 2400 870 2466 fidelibus
896 2423 971 2469 cum
1002 2422 1123 2490 magna
1144 2408 1195 2469 cst
1217 2405 1436 2472 veneratione

380 2503 632 2583 observandum,
664 2501 869 2568 fraternitati
903 2508 971 2568 tuae
1006 2524 1064 2589 per
1096 2504 1276 2590 apostolica
1308 2507 1437 2593 scripta

380 2606 583 2682 mandamus,
615 2608 779 2689 quatenus
810 2602 1053 2669 solemnitatem
1084 2606 1315 2691 praenominati
1347 2630 1437 2675 mar-

380 2724 464 2792 tyris
487 2705 661 2771 annuatim
691 2725 766 2771 cum
797 2724 918 2790 magna
940 2705 1152 2771 veneratione
1183 2706 1334 2787 celebres,
1356 2714 1393 2775 ct
1415 2731 1439 2776 a

380 2806 612 2894 parochianis4
643 2807 712 2872 tuis
746 2806 916 2891 praecipias
949 2806 1146 2892 generaliter
1182 2809 1349 2889 celebrari,
1380 2834 1439 2879 cos

381 2910 527 2975 studiose
549 2928 767 2985 commonens,
790 2911 829 2972 ut
851 2907 895 2973 ad
923 2908 1028 2992 ipsius
1057 2909 1163 2975 sancti
1187 2912 1437 2979 venerationem

381 3013 430 3077 ita
453 3010 641 3075 ferventer⁶
670 3010 856 3086 intendant,
880 3011 976 3094 quod,
1000 3011 1128 3077 meritis
1152 3012 1224 3097 ejus
1254 3013 1439 3082 interveni·

382 3113 525 3188 entibus,
549 3111 782 3197 Redemptoris
812 3111 864 3174 sui
887 3111 1029 3197 gratiam
1044 3112 1108 3177 sibi
1131 3114 1265 3180 valcant
1287 3117 1438 3186 indefici-

382 3220 476 3278 enter
499 3233 696 3298 comparare.
743 3211 798 3275 Ad
820 3211 891 3277 haec
914 3213 1127 3297 praesentium
1150 3215 1214 3280 tibi
1236 3220 1438 3287 auctoritate

381 3315 596 3400 injungimus,
619 3320 659 3377 ut
681 3312 839 3377 fratribus
869 3314 991 3378 nostris
1013 3318 1344 3402 comprovincialibus
1367 3324 1439 3410 epi·

382 3416 489 3501 scopis
512 3437 554 3480 cx
577 3421 671 3500 parte
693 3419 807 3478 nostra
829 3414 993 3501 significes
1015 3421 1049 3481 te
1071 3416 1161 3482 istud
1184 3421 1320 3487 anobis
1343 3445 1438 3491 man-
1488 3470 1491 3475 -

383 3519 499 3582 datum
523 3516 709 3600 suscepisse,
734 3520 768 3579 et
792 3536 846 3581 eos
869 3518 912 3581 ad
934 3517 1162 3585 celebrandam
1189 3520 1277 3585 illius
1299 3526 1439 3609 pretiosi

383 3616 542 3701 martyris
565 3615 783 3680 festivitatem
815 3616 939 3682 invites
969 3619 1133 3685 attentius
1155 3626 1190 3686 et·
1212 3622 1364 3705 horteris,
1388 3629 1440 3695 ita

384 3718 473 3804 quod
503 3717 566 3802 ipsi
589 3717 632 3781 ad
655 3716 716 3782 hoc
738 3739 797 3802 per
819 3718 967 3783 studium
991 3725 1026 3785 ct
1054 3721 1312 3791 sollicitudinem
1342 3732 1439 3797 tuam

385 3818 615 3885 vehementius
644 3818 872 3896 accendantur,
896 3825 930 3884 et
954 3841 1024 3884 eam
1048 3821 1175 3889 faciant
1200 3846 1221 3891 a
1242 3828 1312 3893 suis
1341 3850 1438 3917 paro-

385 3920 512 3988 chianis
535 3920 709 3983 annuatim
733 3940 807 3984 cum
830 3941 951 4007 magna
973 3922 1149 3991 dovotione
1171 3926 1345 3997 observari.

420 4150 427 4182 ¹
445 4146 623 4207 cardinalium,
634 4160 684 4195 om.
697 4145 733 4195 A.
970 4148 982 4180 ⁴
996 4150 1213 4213 parrochianus,
1224 4154 1260 4203 A·

418 4230 429 4262 ²
446 4235 479 4289 et,
489 4242 539 4277 om.
552 4226 583 4279 Ο.
969 4226 980 4258 ⁸
989 4228 1162 4292 feruenter,O
1170 4250 1177 4291 ς
1187 4232 1348 4298 frequenter,
1359 4239 1396 4302 A,
1408 4244 1440 4303 z,

419 4306 431 4341 ⁸
447 4322 519 4371 quam
532 4306 558 4355 iu
572 4302 785 4367 Gallia,A,0‚z;
797 4318 846 4353 om.
855 4304 885 4354 L.
939 4304 967 4353 L.

735 4570 1107 4590 *Ἆ-
