3278 5662
216 812 257 870 36
647 824 824 872 emenone.
1067 811 1147 893 [Am.
1166 811 1263 877 1169.

213 1012 308 1096 gerit,
331 1011 415 1076 illud
445 1010 569 1076 abscidi
599 1010 698 1095 jubet
729 1009 893 1075 Dominus
925 1015 959 1077 et
991 1012 1129 1098 projici.l
1176 1013 1263 1081 Cum

213 1133 290 1197 ergo
311 1112 422 1179 nobile
444 1112 629 1178 membrum
651 1110 849 1178 universalis
872 1112 1026 1192 ecclesiae,
1046 1116 1157 1200 prima
1188 1117 1264 1183 Bri·

212 1214 401 1280 tanniarum
424 1214 517 1281 sedes
539 1217 574 1279 et
595 1213 674 1279 fidei
704 1218 812 1279 meter
843 1213 880 1278 in
914 1215 1091 1294 occidente,
1115 1216 1263 1286 Cantua·

212 1315 328 1380 riensie
366 1315 510 1392 ecclesia,
547 1315 727 1401 plurimum
765 1314 923 1400 patiatur,
957 1323 992 1383 et
1025 1316 1155 1385 diutius
1189 1319 1263 1406 jam

211 1439 308 1505 paese
329 1419 382 1494 sit,
404 1440 443 1485 eo
465 1419 553 1505 quod
576 1417 637 1482 filii
660 1417 740 1502 ejus,
762 1417 952 1504 parricidali
974 1420 1094 1488 scelere
1117 1421 1261 1508 publicae

211 1521 385 1604 potestatis
406 1520 534 1585 viribus
556 1520 731 1587 abutentes
753 1519 790 1584 in
812 1519 918 1607 ipsam
941 1521 1107 1601 irruerint,
1130 1544 1262 1592 necesse

211 1628 262 1687 est
284 1629 324 1688 ut
346 1622 586 1709 compatiamur
609 1626 644 1686 et
666 1641 736 1695 nos,
758 1627 794 1686 et
816 1642 891 1687 cum
914 1623 986 1709 ipsa
1009 1628 1044 1690 et
1073 1646 1133 1711 pro
1163 1626 1262 1712 ipea²

210 1745 414 1791 recurramus
436 1724 478 1791 ad
502 1723 772 1809 Dispensatorem
803 1722 929 1804 salutis,
952 1725 995 1790 ad
1027 1725 1196 1792 Pastorem
1227 1734 1261 1793 et

211 1826 408 1912 Episcopum
423 1825 609 1893 animarum
624 1829 820 1890 nostrarum.
866 1823 934 1892 Sed
956 1825 1037 1911 quie
1060 1848 1128 1893 non
1151 1827 1261 1908 facile,

210 1929 275 1992 nisi
308 1949 406 1995 causa
439 1927 648 2014 precognita,
672 1930 807 1993 curetur
841 1926 1028 2006 infirmitas,
1050 1936 1200 2016 purgate,
1230 1932 1259 1996 si

211 2030 326 2114 placet,
356 2051 497 2104 causam,
530 2033 564 2095 et
596 2028 782 2114 Anglicana
819 2027 963 2107 ecclesia,
995 2029 1067 2097 Deo
1104 2033 1259 2118 propitio,

210 2130 304 2196 fecile
326 2131 538 2197 convalescet.
585 2131 629 2194 Et
652 2129 786 2214 quidem
818 2149 917 2197 causa
948 2151 1016 2216 prm
1048 2132 1152 2199 oculis
1185 2132 1259 2213 est,³

211 2254 286 2298 cum
324 2234 379 2298 ille
424 2232 673 2309 Londoniensis,
711 2252 820 2316 quem,
857 2231 886 2295 ei
931 2232 1098 2301 reminisci
1139 2234 1258 2321 placet,

213 2334 361 2412 Senonis,
384 2334 482 2402 cum4
516 2335 602 2421 regis
636 2333 688 2399 sui
720 2332 920 2419 legationem
952 2341 1089 2420 gereret,
1112 2335 1256 2404 furorem

208 2445 319 2501 mente
345 2441 539 2522 conceptum
562 2434 696 2501 verbie⁵
718 2438 849 2499 constat
870 2434 1045 2519 aperuisse,
1071 2457 1162 2503 nunc
1183 2458 1256 2524 per·

208 2540 461 2604 niciosissimum
495 2538 638 2604 ecclesiae
669 2533 756 2601 Dei⁰
788 2535 870 2601 totis
892 2536 1020 2601 viribus
1054 2545 1089 2603 et
1120 2560 1256 2625 eperum

208 2642 397 2706 testimonio
435 2641 601 2728 exprimat
637 2639 805 2703 furiosum.
867 2637 901 2702 Is
935 2638 1023 2703 enim
1058 2647 1108 2706 est
1140 2649 1257 2708 auctor

205 2745 353 2809 scissurae
392 2744 499 2829 hujus,
535 2749 625 2808 sator
657 2740 836 2816 discordiae,
870 2740 1015 2807 scandali
1050 2741 1165 2821 fomes,
1196 2746 1255 2830 qui

205 2846 339 2919 bellum,
375 2846 463 2931 quod
500 2866 576 2910 curn
614 2839 708 2907 1)οο7
746 2846 781 2906 et
817 2840 1061 2928 archiepiscope
1098 2865 1158 2908 suo
1195 2846 1253 2911 diu

204 2949 330 3026 habuit,
354 2969 444 3012 nunc
466 2948 598 3011 demum
632 2943 766 3008 retorsit
788 2943 824 3006 in
847 2942 968 3007 fratres
991 2949 1025 3008 et
1047 2943 1255 3033 coepiscopos

204 3073 288 3126 suos,
312 3072 349 3115 eo
383 3050 471 3134 quod
501 3048 565 3113 sibi
596 3045 890 3120 excommunicato,
913 3044 1000 3110 sicut
1021 3055 1080 3131 ‘per
1101 3046 1255 3114 officiales

203 3154 288 3237 regis
312 3152 460 3237 urgebat,
476 3149 716 3216 communicare
740 3145 928 3224 noluerunt,
952 3151 987 3212 et
1009 3148 1253 3235 archiepiscopo

202 3277 262 3317 suo
307 3254 453 3317 debitam
498 3250 692 3315 subtrahere
730 3248 959 3314 obedientiam.
1022 3249 1112 3326 Eece,
1150 3256 1253 3335 pater,

203 3361 347 3440 quantus
381 3354 479 3439 lupus
513 3352 672 3417 hactenns
706 3351 743 3414 in
777 3371 838 3417 ove
869 3347 977 3426 latuit,
1008 3372 1108 3435 quam
1146 3354 1254 3417 mani·

202 3457 305 3546 festus
339 3454 538 3519 Antichristi
577 3451 807 3538 praeambulus,
841 3456 876 3516 et
908 3471 1015 3536 praeco
1053 3451 1251 3536 iniquitatis,

202 3561 256 3643 qui
284 3563 410 3643 patrem
433 3553 662 3641 persequitur,s
677 3558 816 3619 matrem
832 3551 952 3637 querit
975 3557 1130 3631 evertere,
1147 3556 1253 3621 mani·

200 3662 321 3724 festum
345 3659 577 3723 inobedientiae
600 3656 733 3732 crimen,
748 3655 836 3740 quod
859 3651 1087 3739 ido[lo]latriae
1109 3661 1143 3721 et
1165 3658 1250 3724 ario·

201 3762 291 3825 lendi
325 3761 452 3847 flagitio
485 3759 649 3824 conforme
684 3762 743 3834 est,
777 3755 982 3823 committere
1017 3777 1084 3822 non
1107 3762 1250 3837 veretur,

200 3872 415 3950 tyrannorum
439 3862 623 3926 ministerio
638 3858 813 3946 proscribit
836 3862 871 3924 et
893 3858 1028 3944 perimit
1050 3858 1260 3939 innocentes·

197 3988 310 4052 pacem
348 3965 462 4041 nescit,
501 3969 536 4028 et
572 3960 695 4028 scindit
732 3960 875 4027 ecclesiae
913 3959 1087 4025 unitatem.
1150 3957 1249 4043 Quid,

197 4090 317 4154 quaeso,
351 4067 443 4132 aliud
474 4064 575 4131 faciet
607 4061 859 4128 Antichristus?
915 4060 1036 4126 Nonne
1070 4061 1113 4126 ad
1144 4061 1247 4130 eboli·

384 4240 553 4249 -.—--·.---

229 4341 236 4374 ¹
250 4339 372 4405 procelli,
382 4340 425 4398 A;
438 4337 534 4388 altered
543 4341 570 4386 to
578 4333 694 4400 perpelli,
777 4332 788 4364 ³
806 4340 851 4393 ert,
863 4347 912 4406 om.
924 4331 956 4382 1..

195 4423 233 4480 O;
255 4417 373 4486 propelli,
395 4418 423 4480 Z,
445 4418 475 4467 L.
509 4415 594 4494 There
616 4413 637 4464 ic
660 4428 694 4464 no
779 4415 790 4445 ⁴
805 4426 867 4473 cam,
879 4412 920 4471 Α;
937 4410 1004 4472 dm,
1015 4412 1045 4472 Z,
1058 4412 1087 4462 L.

194 4500 256 4551 euch
273 4499 342 4549 word
361 4512 390 4547 ae
404 4494 511 4561 procelli
528 4493 554 4544 in
570 4493 614 4544 the
630 4493 695 4542 Vul-
777 4488 960 4551 mortuom.
973 4489 1007 4540 L.

194 4579 321 4645 gate,and
335 4578 429 4642 projici
444 4576 492 4625 hee
509 4575 572 4624 been
588 4573 696 4639 adopted
778 4567 917 4619 ‘ecclesia
928 4570 1052 4631 Dei,0m.
1064 4571 1094 4622 L.

193 4660 259 4708 from
270 4656 363 4706 Matth.
375 4671 400 4703 v.
413 4658 454 4704 30.
778 4649 789 4687 7
805 4650 921 4700 domino?

226 4737 236 4768 Ἰ
253 4735 414 4800 elpenipsa,
427 4731 509 4790 A‚z;
526 4730 620 4782 om.L.
778 4730 788 4761 ⁸
806 4738 841 4791 et,
851 4730 900 4781 ius.
910 4730 941 4781 1..
