3278 5662
421 810 485 874 516
859 826 1041 878 nersroan.
1284 813 1367 898 [an.
1387 810 1491 881 11⁷2.

420 1011 484 1075 His
507 1011 657 1098 expletis,
680 1033 721 1077 ne
744 1012 827 1096 quid
856 1011 900 1076 ad
930 1011 1010 1077 boni
1032 1012 1350 1078 consummationem
1377 1010 1482 1098 ejua¹

420 1115 554 1192 deesset,
570 1115 780 1180 deduxerunt
803 1136 877 1179 eum
901 1115 1011 1201 legati,
1027 1136 1068 1181 ex
1091 1115 1224 1202 propria
1245 1116 1333 1204 regis
1356 1116 1484 1183 volun·

420 1224 499 1295 tate,
522 1223 618 1283 extra
644 1218 765 1282 ostium
793 1216 945 1294 ecclesiae,
968 1217 1089 1304 ibique,
1112 1218 1208 1285 flexis
1230 1220 1385 1306 genibus,
1408 1242 1482 1287 non

419 1325 531 1384 tamen
574 1320 684 1384 exutis
721 1318 870 1384 vestibus
915 1339 1022 1403 neque
1065 1319 1257 1385 verberibus
1302 1321 1483 1408 appositis,

418 1423 589 1488 absolutus
625 1426 684 1498 est,
723 1426 758 1485 11
795 1421 832 1484 in
870 1419 1037 1486 ecclesiam
1069 1421 1285 1488 introductus
1356 1422 1407 1489 Et
1438 1429 1482 1490 ut

418 1523 548 1609 eliqui²
569 1524 610 1588 de
633 1544 734 1609 regno
757 1521 958 1587 Francorum
986 1520 1056 1587 haec
1088 1521 1138 1587 ita
1160 1522 1379 1609 processisse?
1403 1546 1482 1613 cog·

418 1630 596 1699 noscerent
629 1627 819 1688 statuerunt
850 1621 939 1708 quod
972 1621 1235 1709 archiepiscopus
1268 1623 1478 1691 Turonensis

418 1730 452 1789 et
475 1724 674 1807 suffisganei
703 1723 774 1809 ejus
804 1744 912 1788 coram
946 1743 1022 1808 rege
1053 1728 1088 1787 et
1120 1723 1239 1810 legatis
1260 1727 1479 1810 praesentiam

417 1846 511 1889 suam
535 1822 740 1900 exhiberent,
771 1824 860 1909 apud
884 1822 1068 1889 Cadomum
1099 1824 1328 1909 proximadie
1351 1826 1478 1894 Martis

417 1929 493 2009 post
527 1924 761 1990 Ascensionem
795 1923 940 1990 Domini.
997 1923 1093 2004 Quod
1129 1946 1187 1990 rex
1214 1925 1355 2010 juravit,
1383 1927 1479 1995 filius

417 2047 496 2089 suus
518 2047 576 2090 rex
600 2047 701 2090 manu
731 2047 791 2090 sua
822 2025 970 2090 firmavit
992 2026 1028 2089 in
1058 2046 1160 2090 manu
1187 2026 1315 2092 domini
1339 2028 1480 2097 alberti

417 2127 593 2193 cardinalis
627 2150 661 2192 so
694 2149 736 2191 ex
768 2132 862 2212 parte
897 2147 957 2191 sua
988 2127 1260 2207 observaturum
1291 2134 1328 2194 et
1350 2130 1380 2194 si
1405 2152 1479 2213 rex,

416 2230 470 2294 vel
508 2236 613 2295 morte
651 2229 706 2295 vel
744 2229 811 2294 alia
848 2250 946 2295 causa
984 2229 1194 2314 praepeditus,
1233 2230 1478 2315 poenitentiam

416 2333 513 2397 istam
536 2332 697 2417 complere
720 2353 787 2397 non
810 2331 942 2417 poterit,
965 2331 1054 2417 quod
1077 2330 1133 2396 ille
1155 2332 1311 2417 perficiet

816 2770 1046 2839 DCCLXXII.

414 2923 503 2990 Rrur
527 2927 672 2991 utrumn
695 2926 882 2991 Aternius
908 2940 947 2987 nr
970 2923 1210 2988 Teronwrrus
1240 2937 1476 2993 cenomanni

493 3080 536 3137 (Z.
549 3094 572 3126 v.
586 3083 635 3135 94;
654 3079 719 3140 Lup.
732 3092 756 3125 v.
768 3082 815 3133 893
835 3076 866 3127 (ι’.
879 3074 934 3124 Fol.
947 3077 1011 3133 3853
1031 3072 1062 3123 li.
1076 3074 1174 3123 Horetl.
1186 3072 1213 3122 ii.
1226 3079 1258 3126 37
1266 3096 1273 3133 ;
1291 3076 1320 3124 Ρ.
1332 3079 1391 3135 43.)

459 3204 627 3272 Henrico⁴
662 3205 725 3270 Dei
759 3205 867 3291 gratia
901 3203 1023 3267 illustri
1062 3203 1246 3289 Auglorum
1280 3205 1361 3290 regi,
1393 3206 1476 3275 duci

414 3309 627 3372 Nonnanniae
660 3314 693 3371 ct
727 3305 927 3390 Aquitaniee,
961 3311 996 3369 et
1029 3305 1142 3369 comiti
1173 3304 1386 3391 Andeguviae,
1409 3309 1475 3373 Al-

414 3410 535 3485 bertus,
563 3407 755 3494 dignatione
789 3407 904 3470 diviua
943 3407 1035 3471 tituli
1074 3405 1187 3470 Sancti
1224 3406 1398 3473 Laurentii
1432 3411 1473 3476 in

414 3509 548 3587 Lucina,
572 3514 607 3574 et
637 3508 826 3572 'l'heodinus
860 3507 951 3572 tituli
985 3507 1100 3573 Sancti
1123 3506 1255 3585 Vitalis,
1277 3508 1472 3595 presbytori

413 3612 603 3687 cardinales,
633 3610 819 3696 apostolicae
850 3610 936 3675 sedis
967 3610 1076 3695 legati,
1099 3608 1238 3674 salutem
1269 3610 1305 3675 in
1336 3631 1376 3675 1ο
1408 3614 1470 3698 qui

413 3712 472 3777 (111
494 3713 634 3778 salutem
658 3712 811 3799 regibus¹⁵

244 3829 374 3908 romeos
457 3815 489 3879 N
492 3838 510 3881 o
533 3817 569 3880 in
592 3814 731 3880 dubium
749 3815 886 3879 veniant
901 3834 975 3898 quie
990 3818 1160 3897 geruntur,
1176 3813 1232 3879 ctl
1255 3835 1334 3880 usus
1349 3813 1468 3893 habet,

243 3913 302 3946 rcco

241 3964 311 4012 liano

304 3913 354 3947 nel·

312 3980 337 4013 n.

412 3924 447 3984 11
469 3920 651 3985 eommunis
682 3916 900 3982 consideratio
931 3915 1090 3979 utilitatis
1120 3917 1274 4001 exposcit
1290 3924 1331 3982 ut
1360 3920 1468 4005 scrip-

412 4028 496 4087 turae
519 4022 602 4086 serie
626 4021 768 4086 debcant
791 4017 952 4082 annotari.
998 4016 1081 4080 Inde
1113 4017 1274 4101 siquidem
1300 4021 1468 4104 estquod

411 4144 470 4187 nos
494 4123 688 4188 mandatum
711 4119 795 4184 illud
818 4118 1034 4202 inscriptum
1058 4118 1214 4181 duximus
1237 4117 1466 4203 redigendum,

410 4224 499 4310 quod
522 4224 616 4289 vobis
639 4245 698 4309 pro
721 4242 759 4286 eo
782 4219 919 4284 facimus
950 4218 1030 4302 quia
1060 4219 1284 4284 malefactores
1306 4218 1382 4284 illos
1405 4223 1464 4306 qui

408 4384 746 4398 ——‚—--.-—-.
757 4384 788 4389 .-
795 4383 803 4387 -
1030 4382 1039 4387 .
1059 4381 1097 4387 .-

988 4468 999 4499 ⁴
1016 4467 1081 4516 This
1104 4467 1220 4533 graeting
1240 4467 1261 4517 is
1276 4467 1342 4517 from
1363 4467 1385 4517 Ρ
1404 4470 1465 4533 (the

957 4545 1055 4598 CCCC.
1067 4547 1222 4610 manuscript
1234 4546 1263 4596 os
1272 4547 1407 4608 uerbera).

990 4624 1000 4656 ⁸
1018 4624 1163 4689 11911111).

991 4704 1001 4735 ⁶
1018 4709 1053 4762 ul,
1066 4703 1093 4752 Z.
