3278 5662
804 778 981 827 renuens„
1223 765 1304 848 [an.
1321 761 1417 831 1170.

797 1155 981 1225 DCXLIX

410 1320 557 1384 'lamias
581 1321 863 1386 Oasruarunusm
885 1338 1180 1387 ancnremscorus
1203 1321 1382 1386 laureum¹

663 1422 908 1488 Wreoaunrsr
933 1441 1102 1493 rrrscoro.

544 1599 588 1657 (Ο.
600 1596 626 1647 ii.
639 1600 685 1647 251
698 1619 705 1657 ;
723 1598 749 1647 Z.
763 1597 795 1646 iv.
807 1603 856 1658 46;
875 1598 939 1661 Lup.
952 1597 984 1648 ir.
996 1603 1044 1657 4⁰3
1063 1599 1153 1648 Thom.
1169 1600 1237 1661 155.)

412 1730 565 1805 Thomas,
588 1728 651 1793 Dei
675 1728 785 1814 gratia
807 1727 1059 1793 Cantuariensis
1091 1726 1356 1812 archiepiscopus
1378 1734 1412 1791 ct

366 1830 553 1916 almatolicae
591 1829 677 1895 sedis
711 1828 848 1914 legatus,
884 1828 1063 1894 venerabili
1103 1828 1201 1893 fratri
1233 1833 1268 1895 et
1301 1830 1414 1907 amico,

367 1935 507 2018 Rogorio
545 1931 768 2019 Wigorniensi
806 1932 966 2017 episcopo,
1004 1931 1155 2006 salutem,
1195 1938 1229 1996 ct
1266 1954 1415 2017 perseve-

367 2037 509 2100 rantiam
533 2035 567 2098 in
591 2035 668 2099 fidei
693 2034 770 2110 zelo,
792 2041 826 2098 ct
858 2033 993 2099 sincerae
1019 2033 1170 2098 caritatis
1191 2033 1318 2099 fervore
1342 2058 1415 2120 pro·

366 2139 495 2204 sectum.

412 2265 472 2328 Vir
487 2264 626 2328 illustris
651 2264 814 2328 Robertus
841 2284 948 2328 comes
972 2263 1162 2328 Glocestriae
1189 2268 1417 2348 paternoster,

367 2389 440 2432 cum
472 2367 583 2452 plnres
623 2366 761 2431 haberet
795 2366 880 2431 filios
912 2387 970 2430 vos
1005 2366 1156 2451 ampliori
1190 2388 1258 2451 prro
1289 2369 1416 2432 asteris

367 2470 486 2533 all'octu
519 2469 662 2533 traditur
700 2468 861 2543 dilexisse,
884 2488 922 2531 co
957 2468 1045 2551 quod
1068 2465 1149 2532 uos2
1179 2468 1215 2530 in
1248 2473 1416 2535 senectute

366 2573 525 2657 genuerit,
549 2577 722 2647 ettotam,
746 2577 845 2657 prout
867 2570 993 2634 indoles
1027 2570 1251 2655 pollicebatur,
1273 2572 1415 2657 pruden-

366 2676 423 2738 tieo
454 2696 521 2739 suro
553 2679 588 2739 et
610 2674 775 2739 virtutum
808 2674 966 2750 fomitem,
990 2673 1053 2736 Dei
1084 2678 1277 2758 cooperante
1300 2675 1416 2759 gratia,

367 2776 547 2842 transfudit
570 2777 605 2840 in
628 2776 781 2852 sobolem,
803 2796 911 2861 quam,
935 2780 1048 2860 utpote
1072 2775 1348 2860 pretiosissimam,
1373 2779 1416 2841 ab

366 2880 502 2943 ineunte
535 2884 633 2943 aetate
668 2878 810 2942 Domino
844 2877 1055 2942 consecravit.
1102 2877 1293 2953 Intuemini,
1317 2901 1416 2963 quam

367 2981 901 3067 lidelis,quamp1udcns‚quam
936 2979 1175 3065 magnanimus
1208 3002 1308 3064 quam
1340 3002 1416 3046 oon·

366 3093 457 3151 stans
480 3088 582 3150 fuerit
604 3085 668 3165 ille,
693 3085 750 3169 qui
782 3085 935 3161 florentis,
960 3084 1127 3169 pugnacis,
1149 3086 1297 3169 gratiosi,
1319 3109 1417 3171 genc-

366 3188 430 3251 rosi
454 3189 548 3273 regia,
572 3194 606 3253 et
629 3186 785 3272 opulenti,
801 3186 1011 3269 ejusdemque
1034 3185 1300 3252 Normannorum
1325 3189 1417 3253 ducis

366 3296 400 3351 ct
424 3288 570 3352 Boloniae
605 3287 742 3361 comitis,
765 3286 851 3350 vires
884 3307 1056 3371 aggressus
1090 3288 1260 3371 oppressit,
1283 3293 1318 3352 ct
1348 3310 1415 3352 non

366 3391 462 3453 modo
494 3411 594 3474 regno
628 3385 819 3474 privatum,³
849 3388 906 3453 sed
939 3393 974 3451 ct
1005 3387 1173 3473 captivum
1207 3389 1346 3474 conjecit
1379 3391 1414 3453 in

366 3492 664 3575 vincula,adeoque
687 3490 857 3554 fortunam
880 3489 1117 3574 indignantem,
1143 3489 1258 3555 habita
1280 3492 1357 3555 fidei
1380 3497 1414 3556 ct

364 3593 499 3657 virtutis
532 3595 668 3673 ratione,
692 3592 898 3676 contempsit,
935 3598 974 3656 ut
1007 3614 1066 3677 pro
1099 3593 1272 3677 reparandi
1310 3616 1416 3660 sacra-

365 3695 468 3756 menti
492 3694 648 3781 roligione
679 3693 772 3757 nulla
803 3692 1032 3757 exhorruerit⁴
1065 3692 1174 3758 subire
1208 3695 1358 3779 pericula,
1381 3702 1416 3760 et

364 3797 499 3860 tandem
522 3802 638 3882 captus
672 3795 865 3861 incarcerari
902 3795 1064 3870 maluerit,
1088 3816 1188 3879 quam
1222 3818 1313 3862 soror
1345 3798 1416 3883 ojus

364 3905 399 3963 ct
422 3900 555 3964 domina
574 3899 661 3983 juris
686 3899 736 3963 sui
770 3897 979 3982 dispendium
1012 3901 1189 3982 pateretur.
1238 3899 1303 3979 Qui
1337 3901 1415 3967 licet

363 4000 492 4065 invidia
513 4000 655 4064 fortunas
678 4005 793 4085 eaptus
816 3998 924 4074 fucrit,
948 3998 1135 4062 vinculatus
1159 4003 1270 4064 tamen
1288 4001 1414 4086 judicio

363 4103 547 4188 sapientum
586 4107 700 4166 tantus
737 4101 871 4165 habitus
909 4107 967 4177 est,
1004 4106 1042 4163 ut
1079 4099 1306 4167 liberationem
1344 4105 1414 4188 ejus

363 4205 629 4269 commutandam
662 4209 696 4268 et
728 4203 898 4267 emendam
931 4202 1119 4267 censuerint
1150 4224 1225 4287 rege
1249 4208 1283 4267 et
1306 4227 1414 4290 regno.

396 4459 403 4489 ¹
423 4459 457 4507 ll,
477 4497 482 4507 .
502 4497 507 4508 .
527 4496 542 4519 .‚
557 4461 600 4516 V;
620 4458 734 4521 Iloy'rio,
753 4461 794 4516 03
814 4455 866 4503 llo·
945 4456 1103 4520 ³priuueitr

363 4538 442 4599 terro,
454 4536 489 4586 L.
947 4533 956 4565 ⁴
974 4532 1112 4594 erlrorruit,
1126 4536 1157 4584 0.

408 4618 478 4667 2ιω
504 4631 553 4665 om.
573 4618 611 4674 03
634 4619 716 4667 added
739 4616 765 4666 in
783 4631 870 4681 marg„
894 4674 895 4679 ¹

370 4699 403 4748 A.
