3278 5662
399 772 465 836 530
840 786 1018 836 rrrsrorm.
1261 772 1348 857 [un.
1367 766 1475 841 1172.

403 992 485 1055 copo
508 972 557 1036 ita
580 973 745 1037 constanti
779 972 889 1037 animo
919 972 1090 1037 adhaesisti
1120 977 1160 1036 ut
1182 990 1261 1035 eum
1283 970 1322 1034 in
1347 966 1476 1034 exsilio

408 1091 477 1136 snus
500 1073 734 1158 persecutionis
757 1072 901 1138 nolueris
924 1072 1103 1149 dimittere,
1126 1076 1161 1137 et
1183 1091 1275 1137 nunc
1292 1068 1472 1135 tenaciter

406 1173 507 1239 verbo
531 1181 565 1239 ct
587 1196 684 1259 opere
706 1174 898 1240 memoriam
928 1178 1000 1262 ejus
1030 1174 1194 1252 observes,
1215 1177 1354 1259 gratum
1378 1170 1474 1259 geri-

406 1298 479 1341 mus
503 1281 537 1341 et
568 1283 749 1362 acceptum,
782 1282 817 1341 et
848 1276 1036 1343 devotionis
1070 1276 1137 1342 tuae
1170 1273 1401 1341 constantiam
1433 1271 1475 1335 in

406 1377 469 1443 hac
491 1384 593 1464 parte,
617 1384 717 1465 prout
739 1378 905 1456 convenit,
929 1379 1041 1466 dignis
1077 1379 1113 1442 in
1135 1377 1281 1444 Domino
1304 1374 1474 1442 laudibus

405 1481 679 1559 commendamus,
704 1481 837 1546 firmum
868 1486 1019 1568 gerentes
1051 1481 1258 1567 propositum
1282 1485 1318 1545 et
1344 1477 1474 1543 volun·

407 1588 511 1649 tatem
534 1588 577 1660 te,
601 1584 687 1649 sicut
710 1584 886 1650 honestum
910 1590 944 1650 et
969 1585 1155 1649 litteratum
1179 1582 1300 1659 virum,
1324 1579 1476 1647 arctiori

407 1686 545 1751 caritate
578 1684 714 1771 diligere
726 1711 734 1765 ;
768 1691 803 1752 et
836 1686 877 1751 de
911 1686 1114 1751 incremento
1149 1689 1184 1750 et
1218 1682 1374 1749 utilitate
1409 1686 1475 1746 tua

202 1848 206 1859 ,
238 1792 342 1843 ircano
408 1786 503 1872 vigili
527 1786 638 1851 studio
661 1791 695 1852 et
717 1786 941 1853 sollicitudine
965 1787 1118 1872 cogitare.
1165 1784 1263 1852 Unde
1286 1805 1350 1870 pro
1375 1786 1473 1849 statu

238 1859 323 1975 ‘ff
335 1871 377 1907 ⁸³⁰
409 1894 468 1954 tuo
506 1888 623 1974 vigiles
661 1888 839 1955 admodum
878 1893 913 1954 et
946 1888 1079 1954 solliciti
1104 1888 1294 1963 existentes,
1335 1885 1477 1951 dilectis

239 1990 385 2105 ‘peul‘lfflw
409 1990 487 2055 filiis
509 1990 630 2055 nostris
653 1990 792 2056 Albcrto
816 1990 918 2055 titulo
948 1988 1055 2056 sancti
1080 1989 1252 2056 Laurentii
1276 1988 1313 2053 in
1339 1988 1476 2053 Lucina

239 2066 283 2107 ¹¹⁰
301 2061 396 2121 ‘tm'
409 2099 444 2159 a
466 2092 669 2158 rneoawino
701 2093 801 2158 erano
831 2092 938 2158 saecu
971 2092 1092 2159 veura
1126 2091 1332 2178 presbyteris
1360 2088 1475 2156 cardi-

410 2195 550 2273 nalibus,
573 2195 762 2280 apostolicus
794 2196 881 2260 sedis
916 2195 1044 2281 legatis,
1078 2195 1219 2260 firmiter
1252 2193 1412 2259 dedimus
1436 2192 1476 2257 in

411 2297 585 2375 mandatis,
624 2302 663 2361 ut
697 2296 760 2362 tibi
796 2303 830 2361 et
864 2296 938 2363 aliis
973 2297 1099 2363 clericis
1132 2318 1171 2363 ac
1200 2296 1293 2361 laicis
1331 2294 1476 2382 praefcti

412 2400 650 2486 archiepiscopi
682 2399 825 2486 gratiam
861 2404 896 2464 ot
927 2421 1042 2485 pacem
1077 2400 1164 2486 regis
1193 2398 1386 2485 Anglorum
1416 2418 1475 2464 ac-

412 2503 557 2589 quirant,
596 2507 630 2566 et
667 2523 726 2567 vos
762 2501 798 2565 in
836 2506 925 2567 terra
960 2501 1083 2568 faciant
1121 2500 1232 2567 reduci
1265 2503 1316 2565 et·
1341 2499 1477 2565 ibidem

413 2626 525 2670 secure
547 2624 687 2668 manere.
736 2601 772 2668 si
799 2608 912 2668 autem
944 2603 1029 2668 forte
1059 2601 1240 2669 secundum
1263 2600 1477 2667 desiderium

413 2711 563 2771 nostrum
578 2727 647 2770 non
670 2706 842 2791 potuerint
857 2705 948 2792 apud
963 2706 1139 2791 praefatum
1164 2703 1320 2791 proficere
1345 2724 1477 2791 regem,

415 2813 450 2873 et
472 2809 535 2873 tibi
559 2807 629 2892 ejus
652 2828 767 2893 pacem
802 2812 837 2872 et
871 2807 1012 2894 gratiam
1049 2806 1208 2882 invenire,
1231 2810 1292 2870 tna
1314 2806 1479 2871 intererit

244 2918 396 2997 mepopo’e
414 2911 510 2976 nobis
548 2909 741 2996 significare,
780 2909 925 2994 qualiter
969 2914 1038 2975 tuae
1075 2909 1238 2995 possimus
1283 2908 1480 2993 provisioni

244 2987 346 3103 {2225}ss
415 3012 617 3080 commodius
639 3010 820 3089 intendere,
846 3010 939 3077 etin
963 3032 1028 3096 qno
1051 3011 1113 3076 tibi
1137 3010 1273 3076 honeste
1295 3010 1480 3077 valeamus

245 3118 306 3169 nim.
415 3122 450 3182 et
487 3115 617 3180 utiliter
654 3114 835 3200 providere.
884 3114 954 3179 Nos
990 3114 1079 3180 enim
1113 3113 1369 3180 necessitatibus
1407 3114 1481 3179 tuis

415 3218 534 3282 libenti
573 3216 685 3282 animo
723 3215 895 3281 intendere
934 3215 1096 3301 cupimus,
1134 3220 1169 3280 et
1207 3213 1282 3295 tibi,
1305 3220 1480 3302 tanquam

415 3318 548 3405 speciali
572 3324 605 3383 ct
629 3318 751 3382 devoto
774 3316 919 3383 ecclesiae
942 3317 1021 3394 filie,
1054 3316 1234 3394 efficaciter,
1258 3316 1294 3380 in
1317 3339 1358 3382 eo
1383 3318 1482 3405 quod

414 3442 474 3485 nos
509 3420 656 3485 decuerit
680 3424 713 3484 et
745 3420 899 3505 expedire
932 3419 1121 3497 viderimus
1156 3423 1288 3485 erectore
1322 3417 1482 3487 Domino

416 3520 606 3587 curabimus
628 3520 809 3606 providere.
856 3520 907 3585 Tu
940 3542 1016 3607 ergo
1039 3520 1222 3586 confortare
1253 3519 1290 3583 in
1313 3518 1481 3599 Domino,

418 3628 452 3687 ct
475 3623 511 3685 in
535 3644 572 3687 eo
595 3643 687 3707 spem
710 3627 803 3688 tuam
827 3627 862 3688 ot
884 3623 1040 3689 fiduciam
1062 3642 1175 3710 ponae,
1203 3622 1260 3707 qni
1283 3642 1353 3687 non
1379 3622 1481 3691 derc-

416 3722 541 3807 linquit
572 3728 740 3808 sperantes
775 3725 811 3788 in
844 3745 879 3789 se
912 3725 970 3789 sed
1005 3729 1039 3789 ct
1072 3729 1148 3811 post
1178 3722 1332 3787 nubilum
1370 3722 1483 3791 faciat

417 3823 636 3910 tranquillum
675 3831 709 3889 et
746 3845 821 3892 enm
860 3826 1046 3894 tentatione
1084 3830 1293 3911 proventum.
1340 3824 1481 3892 Datum

418 3925 597 3993 Tusculani
621 3926 682 3991 viii
698 3925 767 3995 Oal.
791 3926 884 3994 Julii.
