3278 5662
848 797 1026 847 ammona.
1254 785 1336 869 [an.
1352 785 1450 852 1171·

772 1118 1057 1186 DCOXXXVIII.

396 1266 617 1334 Annxrrnao
649 1285 747 1334 rerer
775 1270 965 1337 Ennmros
997 1273 1234 1338 Lnxovransm
1262 1288 1449 1337 EPISCOPUS

635 1387 717 1435 rosr
740 1389 884 1437 noman
909 1373 1039 1438 Sason
1063 1374 1207 1440 Tanna.
1263 1403 1266 1409 ·

626 1523 707 1584 (Am.
719 1527 766 1584 555
785 1521 814 1575 C·
829 1528 892 1583 1865
909 1525 937 1574 Z.
949 1541 975 1573 v.
988 1530 1035 1585 833
1053 1526 1119 1589 Lup.
1132 1541 1156 1575 V.
1169 1526 1223 1587 79.)

442 1649 643 1718 Carissimo1
676 1651 809 1717 domino
842 1660 877 1717 et
907 1653 995 1738 patri
1026 1653 1224 1732 Alexandro,
1247 1655 1310 1720 Dei
1336 1656 1450 1741 gratia

397 1754 565 1820 catholiea
590 1755 733 1820 eeclesiae
767 1776 894 1821 summo
919 1756 1077 1841 pontifici,
1100 1755 1282 1822 Amulfus2
1304 1757 1447 1823 Lexovi-

399 1858 486 1922 ensis
519 1856 663 1923 ecclesiae
693 1856 830 1926 humilis
862 1858 1021 1936 minister,
1053 1860 1194 1925 salutem
1229 1866 1263 1925 et
1296 1861 1445 1927 debitam

396 1981 471 2025 cum
494 1960 584 2023 omni
607 1959 781 2024 devotione
804 1959 1032 2025 obedientiam.

227 2068 340 2144 nempe
442 2060 536 2138 Cum,
560 2062 649 2147 apud
683 2058 819 2148 regem³
841 2067 991 2127 nostrum
1022 2063 1147 2148 pariter
1176 2065 1376 2151 congregati,
1402 2064 1444 2130 de

225 2133 375 2269 ffihfflgss'g
396 2163 523 2250 magnis
557 2163 699 2229 eeclesiae
731 2164 887 2250 regnique
918 2165 1060 2250 negotiis
1092 2167 1265 2231 tractaturi
1296 2168 1444 2233 eredere·

225 2265 253 2315 οἱ
264 2266 308 2316 2¹10
396 2285 478 2340 mur,
493 2264 624 2329 subitus
646 2285 706 2330 nos
722 2265 763 2330 de
779 2264 912 2331 domino
928 2264 1160 2331 Cantuariensi
1183 2289 1295 2332 rumor
1317 2267 1443 2333 lamen·

224 2333 333 2386 murder.
393 2365 489 2430 tabili
511 2387 652 2431 moerore
674 2365 831 2450 perfudit,
855 2366 936 2431 adeo
959 2373 999 2431 ut
1021 2367 1057 2431 in
1087 2374 1253 2433 momento
1283 2370 1442 2435 securitas

394 2468 431 2532 in
458 2472 634 2552 stuporem,
657 2471 691 2531 et
714 2466 970 2532 consultationes
1000 2467 1037 2531 in
1062 2468 1202 2554 suspiria
1225 2474 1442 2539 verterentur.

394 2569 456 2633 Per
485 2567 613 2653 aliquos
645 2566 734 2631 enim
766 2567 809 2631 ab
832 2566 973 2652 Anglis⁴
1003 2574 1206 2633 revertentes
1238 2576 1327 2635 certa
1357 2572 1440 2636 rela-

395 2671 485 2735 tione
509 2669 693 2746 didicimus,
716 2669 804 2753 quod
828 2668 963 2753 quidam
987 2669 1112 2734 inimici
1135 2670 1214 2755 ejus,
1239 2671 1360 2737 crebris
1384 2674 1441 2756 (ut

392 2772 544 2854 aiebant)
567 2770 874 2836 exacerbationibus
896 2771 939 2836 ad
969 2771 1173 2837 iracundiam
1204 2779 1239 2838 et
1260 2775 1440 2840 amentiam

299 2944 302 2948 ,
392 2878 572 2962 provocati,
595 2881 719 2942 temere
741 2874 778 2938 in
808 2895 883 2939 eum
915 2875 1099 2960 irruptione
1123 2876 1219 2953 sacta,
1243 2879 1346 2963 (quod
1368 2879 1440 2945 sine

394 2977 504 3043 dolore
518 2978 624 3043 dicere
642 2997 709 3041 non
724 2995 896 3061 possumus
918 2997 979 3042 nec
994 2975 1165 3058 debemus)
1180 2998 1352 3063 personam
1369 2980 1440 3066 ejus

394 3080 528 3167 aggredi
557 3085 592 3143 et
615 3077 779 3142 trucidare
803 3076 979 3142 crudeliter
1003 3077 1227 3162 perstiterunt.
1275 3078 1330 3142 Ad
1353 3081 1439 3166 regis

394 3182 536 3268 denique
551 3180 707 3245 notitiam
723 3199 833 3242 rumor
850 3178 1025 3255 infaustus,
1041 3178 1236 3263 quibusdam
1248 3180 1439 3265 perferenti-

390 3284 461 3361 bus,
478 3282 686 3370 penetravit;
709 3280 865 3364 quoniam
880 3280 911 3344 ei
928 3302 994 3345 non
1009 3280 1105 3344 licuit
1120 3280 1269 3366 ignorare
1293 3284 1381 3366 quod
1395 3285 1438 3349 ad

399 3385 470 3471 ejus
486 3385 677 3459 vindictam,
695 3382 771 3468 jure
794 3382 968 3467 potestatis
984 3387 1018 3446 et
1032 3382 1143 3467 gladii,
1166 3383 1342 3448 videbatur
1364 3408 1437 3471 spe·

388 3487 505 3552 cialiue
520 3487 692 3573 pertinere.
725 3483 792 3564 Qui
806 3483 930 3560 statim,
946 3484 983 3546 in
998 3485 1112 3569 primis
1130 3484 1264 3549 nefandi
1279 3487 1438 3553 sermonis

385 3589 501 3666 initiis,
517 3589 560 3653 ad
576 3587 687 3652 omnia
708 3585 983 3651 lamentationum
1006 3590 1040 3650 et
1055 3586 1302 3651 miserationum
1317 3610 1437 3674 genera

388 3710 573 3766 conversus,
596 3688 719 3774 regiam
743 3707 874 3773 prorsus
896 3687 1111 3771 majestatem,
1129 3688 1223 3772 quasi
1246 3689 1351 3755 cilicio
1374 3691 1436 3756 im-

388 3786 522 3857 mutans
545 3797 580 3856 et
602 3791 718 3866 cinere,
734 3789 840 3854 multo
862 3789 980 3853 fortius
1002 3789 1144 3854 amicum
1168 3789 1321 3855 exhibuit
1335 3814 1435 3878 quam

391 3893 584 3979 prinoipem,
608 3897 746 3978 stupens
769 3890 943 3966 interdum,
968 3895 1002 3954 et
1024 3895 1099 3974 post
1121 3894 1288 3976 stuporem
1310 3894 1354 3958 ad
1379 3917 1435 3982 ge·

387 3994 490 4059 mitus
520 3993 660 4059 acriores
697 3998 731 4056 et
762 3991 943 4056 acerbiores
981 3991 1219 4056 amaritudines
1256 3994 1434 4061 revolutus.

388 4096 508 4161 Tribus
531 4096 598 4160 fere
629 4094 745 4159 diebus
777 4091 949 4158 conclusus
983 4091 1020 4154 in
1051 4090 1210 4169 cubiculo,
1233 4115 1293 4159 neo
1325 4095 1436 4161 cibum

383 4219 499 4283 capere
527 4219 589 4263 nec
610 4194 828 4261 consolatores
851 4193 1026 4257 admittere
1047 4194 1215 4270 sustinuit,
1232 4194 1289 4259 sed
1311 4199 1438 4264 moesti-

385 4303 434 4369 tia
456 4297 710 4388 perniciosiore⁶
732 4295 957 4362 voluntariam
990 4294 1053 4360 sibi
1085 4297 1262 4382 perniciem
1292 4299 1436 4368 indicere

415 4529 424 4562 ι
445 4528 583 4578 camme
601 4564 607 4576 .
626 4562 633 4575 .
652 4521 841 4584 ,obedientiam
851 4523 881 4576 C.
966 4523 976 4554 ⁴
994 4520 1100 4585 Arretio,
1112 4523 1149 4582 c;
1168 4523 1264 4589 Anyti,
1277 4526 1312 4588 V,
1325 4528 1357 4589 Ο,
1368 4529 1398 4579 L.

412 4607 423 4640 2
441 4606 579 4667 dmm,
592 4605 622 4657 c·
964 4600 975 4632 ⁵
988 4601 1131 4666 pmtilfm,
1142 4600 1171 4652 c.

415 4685 426 4718 a
445 4684 564 4736 dmm
575 4683 622 4735 ine.
634 4682 723 4735 before
733 4698 823 4745 regen,
835 4682 864 4732 Z.
