3278 5662
324 812 390 877 300
764 824 940 884 briareum.
1180 807 1260 892 [an.
1280 809 1375 879 1170.

322 1019 498 1090 cesserunt,
522 1020 559 1078 tu
583 1015 671 1100 ipses
696 1036 737 1078 ex
763 1019 856 1099 parte
883 1019 997 1078 nestra
1020 1012 1136 1076 durius
1159 1013 1316 1098 increpes,
1340 1019 1374 1077 et

320 1117 454 1201 gravius
492 1117 689 1203 redarguere
727 1137 795 1179 nen
834 1115 975 1196 omittas.
1042 1115 1192 1180 Siautem
1238 1137 1292 1181 eos
1338 1116 1374 1178 in

321 1218 510 1303 praelibati¹
538 1218 625 1304 regis
654 1223 775 1284 terram
827 1217 1027 1283 sententiam
1069 1216 1238 1282 interdicti
1272 1218 1374 1302 juxta

321 1326 522 1406 praeceptum
557 1325 707 1385 nostrum
741 1320 887 1406 proferre
921 1320 1109 1406 eontigerit,
1144 1325 1182 1383 tu
1216 1342 1289 1385 eam
1315 1342 1374 1406 per

321 1422 468 1505 ejusdem
492 1423 578 1508 regis
611 1428 732 1500 terram
771 1444 870 1508 quam
907 1421 1027 1486 intua
1058 1422 1228 1508 provincia
1251 1421 1373 1487 habere

322 1525 529 1612 dignosceris,
566 1525 657 1590 omni
682 1525 897 1591 excusatione
932 1530 967 1589 et
991 1524 1213 1612 appellatione
1237 1531 1371 1604 remota,

321 1628 448 1693 firmam
473 1634 506 1693 et
529 1627 757 1695 inconcussam
773 1626 935 1703 observes,
962 1632 997 1691 et
1023 1626 1066 1693 ab
1091 1627 1245 1693 omnibus
1262 1626 1373 1704 facias,

321 1728 543 1816 quantumin
566 1735 600 1796 te
624 1735 683 1807 est,
708 1727 979 1816 irrefragabiliter
1005 1728 1181 1795 observari.

756 2196 939 2264 DOLXIX

322 2351 509 2418 Hnuarcus
524 2368 595 2418 anx
611 2351 758 2419 Araura
773 2350 942 2417 Roraone
957 2349 1236 2417 Rornoununrm
1252 2367 1374 2417 nacar-

754 2468 928 2520 perscore.

439 2609 488 2670 (A.
502 2610 565 2668 18⁶3
584 2607 616 2660 Ο.
628 2605 657 2658 ii.
669 2608 715 2673 128
729 2624 736 2665 ς
755 2605 782 2655 Ζ.
795 2621 820 2655 v.
833 2609 878 2665 143
897 2606 963 2669 Lup.
976 2621 1000 2656 v.
1015 2608 1046 2656 14
1061 2627 1068 2666 ;
1085 2606 1117 2660 G.
1130 2605 1186 2657 ror.
1200 2608 1272 2668 495.)

366 2736 417 2803 De
450 2743 560 2803 vestro
594 2736 800 2824 aliorumque
837 2733 989 2800 fidelium
1027 2733 1188 2801 baronum
1227 2756 1373 2800 meorum

320 2839 465 2916 consilio,
488 2839 578 2927 pacis
601 2837 819 2905 reformanda
849 2838 1013 2903 interme
1037 2843 1071 2902 et
1093 2835 1373 2924 arehiepiscopum

321 2942 593 3009 Cantuariensem
627 2945 813 3028 susceptam
844 2939 992 3016 formam,
1015 2939 1149 3005 domino
1172 2961 1266 3026 papae
1289 2960 1373 3005 nun-

321 3043 377 3109 tiis
408 3052 441 3110 et
475 3043 598 3109 litteris
632 3043 714 3109 meis
748 3042 925 3108 insinuavi.
969 3041 1054 3128 Ipse,
1088 3041 1175 3107 sicut
1207 3063 1267 3127 per
1298 3063 1374 3106 suas

320 3143 403 3208 mihi
426 3145 554 3212 litteras
577 3144 787 3231 significavit,
802 3165 883 3222 eam,
907 3164 981 3209 cum
1005 3149 1117 3209 tenore
1133 3162 1198 3228 quo
1221 3164 1242 3208 a
1265 3147 1375 3208 vestro

321 3245 446 3331 prodiit
468 3245 604 3311 consilio
638 3246 734 3330 eique
767 3244 835 3309 ex²
859 3253 952 3331 parte
986 3248 1097 3310 vestra
1118 3244 1227 3310 fuerat
1249 3244 1374 3330 signiti-

321 3352 404 3425 cata,
427 3347 572 3433 suscepit
606 3368 680 3412 cum
713 3347 897 3432 gratiarum
931 3346 1060 3412 actione
1094 3343 1260 3433 plurima,8
1281 3368 1373 3412 man·

321 3449 413 3527 dans,
436 3470 582 3526 monens,
606 3448 665 3514 et⁴
686 3447 885 3536 supplicans,
908 3453 943 3514 et
968 3448 1109 3514 suadens
1141 3449 1312 3525 attentius,
1335 3454 1374 3513 ut

320 3549 412 3616 illam
435 3572 597 3637 exsequar
629 3550 829 3617 mediatione
862 3558 973 3617 vestra
996 3558 1030 3616 et
1062 3551 1278 3618 Nivernanais
1303 3551 1373 3638 epi·

321 3653 416 3738 scopi.
457 3652 554 3721 Illam
570 3654 693 3739 itaque,
709 3653 802 3719 vobis
823 3653 1054 3732 mediantibus,
1071 3654 1166 3741 plene
1182 3660 1217 3721 et
1231 3654 1374 3720 libenter

321 3753 500 3842 complebo,
522 3754 713 3822 nullatenus
746 3755 972 3822 declinaturus
1002 3757 1140 3822 formam
1165 3762 1276 3822 vestro
1299 3778 1375 3823 con·

321 3856 395 3924 silio
417 3858 627 3945 propositam.
676 3859 773 3924 Teste
806 3858 949 3925 Ricardo
972 3858 1013 3923 de
1037 3858 1129 3937 Luci,
1151 3859 1241 3945 apud
1264 3857 1372 3924 West-

207 4045 209 4048 Ι
321 3961 565 4026 monasterium.

354 4184 516 4252 mareau,
538 4185 573 4248 v,
597 4187 648 4249 ψ,
672 4189 704 4250 0,
727 4188 762 4251 n,
784 4188 818 4248 a,
903 4186 1096 4253 aptatae,
1115 4188 1147 4249 0,
1165 4189 1205 4250 ο,
1220 4185 1372 4254 patav,
1455 4157 1457 4160 ’

314 4267 427 4332 praesuli,
439 4267 469 4316 L,
867 4265 964 4332 palum,
979 4265 1010 4317 L.

351 4345 555 4408 ²0,Z;eae,lr.
904 4345 1067 4407 ⁴et‚om.L.
