3278 5662
351 766 415 832 236
652 722 653 726 Ἰ
765 724 768 730 ¹
794 783 976 836 mrsronn.
1211 773 1290 856 [an.
1310 772 1405 839 1170.

352 982 490 1054 matina,
534 980 633 1060 prout
671 974 814 1042 ecclcsiae
851 974 947 1041 novit
985 977 1148 1061 expedire,
1187 981 1404 1065 compescatl)

351 1081 478 1146 dedisse
516 1079 686 1164 originem,
721 1078 974 1164 procurantibus
1012 1079 1162 1147 fomitem
1196 1080 1405 1147 ardoris1et

351 1182 503 1260 incendii,
526 1203 641 1249 causas
659 1181 787 1267 jugiter
813 1181 1079 1268 subrogantibus,
1102 1183 1156 1247 his
1179 1184 1238 1270 qui
1260 1184 1404 1250 oderunt

349 1307 480 1372 pacem:
518 1290 553 1350 et
590 1286 699 1352 sciunt
737 1307 772 1350 se
809 1306 886 1352 cum
930 1291 1098 1372 perpetuas
1135 1292 1217 1352 nota
1253 1286 1403 1353 infamiae

348 1388 482 1454 futuros
498 1387 729 1454 detestandum
744 1384 951 1454 schismatis²
965 1392 1000 1453 et
1014 1387 1189 1474 apostasia
1204 1388 1401 1476 exemplum.

351 1491 454 1556 Later
498 1490 718 1578 praesentium,
764 1489 793 1555 si
830 1489 894 1555 tibi
935 1489 1046 1555 visum
1091 1489 1196 1555 fuerit
1239 1495 1281 1557 ut
1324 1511 1401 1556 eum

350 1593 517 1672 admittas,
549 1594 645 1681 plura
676 1593 852 1680 supplebit.
899 1592 986 1659 Cum
1008 1592 1171 1660 redierint
1192 1615 1333 1680 quorum
1365 1594 1402 1658 in

347 1697 441 1761 brevi
464 1702 616 1783 speratur
636 1696 810 1772 adventus,
828 1695 1003 1762 referenda
1025 1718 1100 1782 quae
1117 1696 1313 1762 emerserint
1335 1695 1399 1760 tibi

348 1798 418 1864 Deo
441 1797 607 1885 propitio8
629 1799 768 1866 seribere
791 1819 859 1863 non
890 1798 1094 1885 pigritabor3
1116 1805 1152 1866 et
1183 1799 1313 1866 utinam
1347 1819 1398 1863 me

348 1901 388 1965 de
411 1906 503 1967 statu
536 1907 603 1980 tuo,
626 1923 725 1988 quem
748 1900 839 1967 Deus
861 1901 1066 1969 successibus
1087 1901 1234 1988 impleat,
1269 1904 1407 1968 matura

346 2002 515 2069 certiorari
538 2003 718 2090 contingat.

791 2431 962 2498 DCXLII.

389 2582 611 2648 Memnone
634 2599 731 2649 rare
754 2582 901 2649 Trionis
924 2580 1206 2650 Caurumruusrs
1228 2597 1356 2648 sacur-

778 2703 968 2753 serseorus.

468 2838 514 2901 (A.
529 2841 591 2898 rer,
608 2837 639 2888 0.
651 2836 676 2887 ii.
690 2841 752 2900 ras,
772 2839 801 2888 z.
812 2837 845 2887 iv.
860 2842 905 2899 re,
923 2837 990 2901 nup.
1002 2836 1036 2886 tv.
1050 2841 1096 2899 ra,
1113 2835 1206 2888 mom.
1220 2838 1273 2898 rs.)

175 2971 248 3037 Ring
390 2965 544 3033 Ecclesiee
567 2971 755 3053 persecutor
778 2972 813 3031 et
835 2970 947 3032 noster
968 2964 1121 3031 abutitur
1143 2963 1308 3050 patientia
1322 2985 1395 3029 ves·

175 3039 323 3169 {Iossffffl'
345 3069 402 3145 tia,
433 3069 583 3134 nesciens
620 3075 681 3134 aut
712 3068 925 3133 dissimulans
960 3067 1048 3154 quod
1081 3088 1156 3131 cum
1189 3070 1301 3130 vestra
1339 3065 1393 3131 be-

175 3171 309 3249 tyrorum
344 3170 491 3256 nignitas
527 3171 562 3234 in
595 3171 702 3235 multa
736 3169 990 3235 mansuetudine
1023 3168 1176 3245 sustinet,
1202 3174 1242 3232 ut
1273 3166 1396 3232 habeat

175 3237 273 3368 2323„
345 3274 490 3358 spatium
515 3272 709 3359 poenitendi,
726 3278 761 3336 et
783 3273 810 3335 si
832 3272 935 3358 (quod
958 3271 1061 3355 absit)
1086 3271 1122 3334 in
1145 3270 1254 3335 furore
1277 3270 1395 3355 persti-

175 3369 329 3420 fromnome.
344 3376 424 3439 terit
448 3381 558 3439 vestra
583 3395 649 3460 qua
683 3372 959 3438 condemnabitur
986 3373 1122 3459 justitia
1153 3372 1328 3437 manifesta
1351 3371 1396 3435 sit

343 3478 379 3540 in
403 3481 581 3563 conspeetu
605 3475 753 3540 omnium
777 3475 959 3541 nationum.
1017 3474 1105 3539 Nam
1130 3474 1261 3559 quoties
1284 3472 1394 3537 nuntii

343 3581 414 3665 ejus
438 3601 458 3642 a
482 3582 593 3643 vestra
623 3577 764 3642 redeunt
795 3577 982 3656 sanctitate,
1006 3577 1046 3641 fit
1076 3577 1278 3652 insolentior,
1301 3581 1336 3654 et
1358 3575 1394 3638 in

344 3680 511 3745 ecclesiam
543 3679 606 3744 Dei
638 3679 803 3744 crudelius
834 3679 940 3756 saevit,
964 3684 998 3742 et
1020 3679 1062 3744 ab
1095 3677 1296 3764 impunitate
1329 3697 1395 3761 qua

344 3781 401 3845 diu
426 3780 533 3845 elatus
555 3788 605 3846 est
620 3781 777 3867 majorem
799 3780 945 3867 concipit
966 3780 1139 3846 audaciam
1162 3777 1394 3864 delinquendi;

344 3884 438 3968 quasi
468 3904 536 3947 non
559 3883 735 3951 manifesta
759 3884 828 3949 sint
850 3904 948 3970 opera
975 3883 1045 3970 ejus
1067 3881 1283 3969 provocantia
1301 3878 1394 3964 judi·

173 3987 242 4037 J⁰¹1¹¹
255 3989 282 4037 οἳ
343 3986 430 4051 cium
463 3985 665 4051 inexorabile
698 3986 734 4050 in
758 3990 860 4072 caput
886 4006 991 4050 suum.
1053 3983 1224 4070 Siquidem
1247 3981 1394 4047 Joannes

174 4055 283 4105 θήσω·
344 4087 384 4153 de
409 4087 605 4169 Oxeneford,
630 4089 724 4174 quasi
747 4087 918 4152 nonsatis
945 4087 1106 4151 insaniret
1128 4085 1235 4162 horno,
1258 4106 1334 4149 eum
1356 4083 1393 4147 in

341 4190 450 4254 reditu
474 4212 534 4255 suo
557 4189 700 4275 amplius
731 4188 915 4274 instigavit,
939 4188 1099 4273 nobisque
1126 4186 1293 4252 subtraxit
1317 4185 1392 4249 oba-

341 4292 501 4358 dientiem
529 4298 563 4358 ct
596 4292 815 4358 reverentiam
848 4290 1027 4378 provinciae
1059 4295 1189 4355 nostres.
1251 4287 1391 4353 Excom·

340 4395 525 4458 municatos
548 4394 619 4458 siue
640 4394 830 4481 juramento
851 4396 886 4457 et
908 4390 1134 4457 satisfactione
1149 4390 1231 4455 fecit
1245 4387 1372 4454 absolvi
1383 4411 1391 4468 ;

372 4623 379 4654 ¹
397 4621 504 4682 arboris,
515 4622 549 4671 V.
921 4617 931 4650 ⁸
945 4617 1112 4683 propitiante,
1124 4617 1156 4670 G.

371 4702 381 4735 ²
399 4701 554 4761 acicuraticia,
569 4701 600 4751 0.
