3278 5662
256 813 320 861 an.
340 798 452 880 1170]
694 815 871 865 nrrsrona.
1248 808 1311 870 285

253 1001 400 1067 descrere
424 1003 572 1088 cogimur
587 1023 717 1066 causam
735 1002 868 1076 Christi,
886 1008 920 1066 et
936 1002 1079 1068 ccclesiae
1099 1009 1305 1069 contemnere

254 1103 449 1168 libertatem.
497 1104 611 1168 Potuit
626 1105 669 1169 ab
691 1104 789 1170 initio
813 1106 849 1167 in
864 1104 970 1169 solum
992 1126 1101 1190 regem
1118 1102 1301 1188 Anglorum

253 1211 287 1269 et
302 1213 423 1270 nostrre
447 1207 695 1292 proscriptionis
718 1214 752 1271 et
768 1206 1022 1291 depraedationis
1046 1204 1191 1270 ccclesiae
1208 1204 1305 1290 culpa

257 1305 398 1383 refundi,
421 1309 477 1391 qui
501 1330 559 1392 per
582 1331 616 1372 se
639 1314 674 1373 et
696 1307 856 1372 satellites
887 1328 971 1381 suos
996 1306 1067 1369 sinc
1091 1305 1303 1370 miseratione

254 1407 364 1471 aetatis
387 1414 422 1472 ct
444 1430 552 1487 sexus,
576 1409 646 1472 sinc
670 1408 855 1472 reverentia
878 1406 1053 1493 dignitatis
1079 1404 1135 1469 et¹
1167 1406 1300 1482 ordinis,

253 1508 382 1572 circiter
407 1508 649 1594 ‹prindragint22
678 1509 936 1593 quadringentos
959 1509 1152 1571 innocentes
1174 1507 1305 1572 addixit

253 1609 378 1684 exsilio,
402 1609 675 1675 Cantuariensem
704 1630 779 1674 cum
803 1610 956 1674 omnibus
987 1608 1247 1695 possessionibus
1271 1614 1305 1673 et

252 1710 369 1775 bonis³
384 1712 452 1775 suis
469 1712 660 1777 confiscavit
676 1711 853 1786 ecclesiam,
869 1712 955 1776 bona
970 1711 1161 1776 vacantium
1177 1710 1305 1774 sedium

253 1833 415 1897 occupans
449 1834 516 1876 non
539 1812 689 1899 permisit
713 1813 748 1875 in
771 1813 818 1876 eis
842 1813 1010 1898 episcopos
1041 1816 1076 1875 et
1098 1811 1234 1875 abbates
1257 1832 1306 1875 re-

253 1913 414 1998 gulariter
437 1915 593 1980 ordinari.
655 1914 729 1978 Dici
754 1935 821 1978 non
853 1918 963 1998 potest
986 1918 1069 1997 quot
1090 1913 1211 1977 animae
1235 1913 1305 1978 sine

252 2015 510 2080 confirmationis
537 2019 744 2081 sacramento
767 2015 989 2092 excesserint3
1012 2012 1116 2098 quot⁴
1139 2013 1305 2078 criminosi

252 2117 323 2180 sine
347 2118 547 2201 poenitentia
569 2124 604 2182 ct
626 2117 834 2182 absolutione
857 2117 1077 2194 decesserint3
1100 2120 1182 2199 quot
1204 2136 1305 2181 sacrae

254 2219 398 2304 virgines
413 2224 528 2304 optata
543 2220 786 2285 consecratione
802 2218 968 2283 fraudatae
991 2217 1079 2295 sint3
1102 2221 1184 2301 quot
1199 2238 1305 2282 causae

252 2341 327 2384 cum
350 2319 561 2386 ecelesiarum
585 2327 620 2386 et
642 2320 766 2406 injuste
791 2341 1021 2405 oppressorum
1052 2319 1225 2403 dispendio
1247 2341 1305 2383 ex-

251 2422 469 2507 spiraverint3
492 2424 676 2507 quantum⁵
695 2422 869 2507 justitium
896 2428 1003 2488 totam
1027 2420 1210 2506 possederit
1235 2422 1305 2485 An-

250 2522 351 2608 gliam
363 2547 372 2603 ;
394 2534 520 2609 quanta
542 2524 739 2609 perditionis
754 2524 940 2589 animarum
958 2524 1065 2608 janua
1088 2520 1245 2587 Satbame
1260 2524 1305 2587 sit

250 2630 372 2710 aperta,
388 2625 578 2711 pastoribus
609 2627 722 2690 ovium
738 2625 864 2691 Christi
887 2630 948 2689 aut
974 2624 1011 2688 in
1034 2623 1190 2689 exsilium
1212 2626 1304 2701 actis,

251 2733 311 2790 aut
333 2728 454 2792 coactis
484 2728 709 2794 obmutescere
740 2733 775 2792 et
806 2726 902 2792 silere
925 2748 946 2792 a
968 2725 1072 2803 bonis,
1095 2731 1156 2792 aut
1186 2726 1305 2792 illectis

252 2835 290 2892 ut
312 2830 498 2915 praeberent
520 2832 583 2896 sub
605 2837 774 2917 praetextu
797 2830 967 2917 religionis
990 2835 1025 2894 et
1048 2829 1303 2914 dispensationis

249 2951 343 2996 arma
365 2931 553 3017 iniquitatis
584 2939 728 3020 peccate,
751 2937 786 2997 et
810 2932 899 3018 ipsos
921 2937 1090 3017 serpentes
1113 2935 1148 2995 et
1169 2932 1301 3017 antiqui

248 3034 410 3119 serpentis
432 3035 581 3099 membra
603 3035 797 3120 perniciosis
820 3033 966 3101 consiliis
982 3033 1177 3098 toxicarent.
1216 3033 1302 3098 Tan-

249 3144 300 3200 tas
324 3141 450 3200 ettam
475 3136 648 3221 patentes⁶
672 3136 798 3202 Christi
822 3136 963 3222 injurias
985 3156 1082 3221 saepe,
1104 3136 1205 3201 immo
1227 3156 1301 3202 con-

248 3238 352 3311 tinue,
389 3260 447 3323 per
480 3260 538 3303 sex
569 3259 673 3303 annos
711 3240 877 3324 prosecuti
910 3260 1023 3303 sumus
1057 3239 1092 3302 in
1126 3239 1302 3304 auditoriis

249 3338 376 3416 restris,
401 3340 509 3424 parati
544 3339 579 3402 in
612 3340 685 3425 ipsa
716 3340 878 3405 malorum
910 3341 1071 3420 novitate,
1096 3361 1171 3405 cum
1193 3340 1302 3407 adhuc

248 3440 362 3505 essetis
386 3440 526 3506 Senonis
559 3447 595 3505 ct
625 3442 737 3505 nuntii
767 3443 855 3528 regis
877 3442 1038 3519 adessent,
1061 3441 1301 3528 appellationes

247 3544 397 3627 prosequi
425 3565 500 3627 quse
524 3543 577 3608 vel
608 3565 629 3607 a
659 3543 755 3608 nobis
779 3545 833 3609 vel
856 3551 972 3610 contra
1002 3566 1062 3609 nos
1086 3545 1220 3610 fuerant
1250 3547 1300 3610 in-

247 3644 384 3708 stitutae.
431 3644 510 3708 Non
533 3644 660 3729 placuit
683 3650 722 3708 ut
736 3646 929 3711 audiremur
944 3653 1034 3723 tunc,
1050 3648 1183 3731 quando
1205 3647 1300 3713 nobis

247 3744 355 3811 adhuc
392 3744 529 3830 aliquid,
562 3747 624 3811 etsi
663 3746 839 3825 modicum,
874 3748 1012 3813 suberat
1049 3747 1228 3825 facultatis,
1263 3760 1298 3814 et

247 3845 361 3911 amicis
385 3853 419 3910 et
442 3847 650 3931 adjutoribus
673 3847 851 3913 nonnihil⁷
874 3850 953 3934 spei.
1000 3851 1151 3936 Longum
1173 3852 1248 3929 erit,
1264 3858 1298 3917 et

247 3949 348 4027 robis,
373 3954 413 4012 ut
435 3949 598 4026 timemus,
615 3950 799 4028 taediosum,
822 3952 851 4016 si
874 3959 1064 4018 retexamus
1088 3955 1216 4039 quoties
1239 3976 1299 4020 nos

245 4050 464 4115 obtulerimus
488 4052 531 4115 ad
554 4052 730 4136 agendum,
753 4074 814 4118 nee
837 4053 964 4139 placuit
987 4061 1027 4119 ut
1049 4056 1248 4136 audiremur,
1264 4066 1299 4120 et

238 4152 438 4217 adversariis
471 4154 602 4228 nostris,
641 4156 891 4239 oppressoribus
924 4157 1076 4233 ecclesias,
1111 4156 1203 4222 iacta
1236 4166 1297 4231 est,

238 4294 252 4301 -
277 4294 463 4302 —-...—-.—
480 4294 510 4300 --
569 4294 1200 4305 -—-----——-———-——-.
1225 4297 1285 4307 --

276 4355 281 4385 ¹
301 4362 334 4415 et,
347 4356 381 4408 A.
394 4353 433 4409 0:
451 4359 504 4413 urat,
516 4354 543 4413 Z,
557 4355 585 4403 L.
828 4356 840 4387 ⁸
858 4365 984 4420 quantam,
997 4358 1037 4417 V;
1055 4366 1149 4422 quana
1161 4361 1298 4425 injustitia,

275 4433 285 4464 '·'
302 4432 483 4497 quadraqinln,
495 4433 529 4490 Α,
542 4436 579 4491 03
598 4447 648 4481 om.
663 4434 691 4493 Z,
704 4433 733 4483 L.
796 4434 820 4484 L
833 4456 839 4493 ς
858 4438 1117 4500 quanrumjmririua,
1129 4439 1163 4499 A,
1174 4437 1205 4499 0,
1218 4439 1246 4489 Z.

272 4516 281 4545 ³
302 4517 326 4560 et
339 4511 414 4569 tonis,
425 4527 476 4560 om.
489 4512 524 4569 A,
537 4512 565 4560 Z.
687 4518 691 4523 '
827 4512 838 4545 ⁶
852 4522 980 4579 parentes,
993 4516 1026 4565 V.

276 4594 281 4623 ¹
300 4595 358 4653 quot
377 4627 383 4639 .
402 4628 408 4641 .
427 4627 433 4638 .
443 4589 581 4655 fraudum
608 4591 668 4650 sint,
691 4606 741 4640 orn.
828 4592 839 4627 ⁷
856 4594 881 4640 in
894 4592 986 4651 machil,
999 4594 1033 4645 V.

240 4673 267 4720 la.
