3278 5662
334 783 398 846 298
772 798 953 847 srrsross.
1196 785 1274 867 [11).
1292 786 1386 856 1170.

332 985 445 1070 aliqua
476 987 681 1052 extrinsecus
716 986 923 1053 solemnitate
947 986 1116 1052 irritanda.
1165 990 1252 1069 Quia
1275 1000 1386 1055 tamen

333 1089 474 1175 populus
492 1089 578 1174 juris
610 1089 719 1175 apices
743 1095 778 1155 et
800 1110 965 1155 canonum
988 1089 1116 1155 occulta
1138 1112 1205 1156 non
1237 1092 1386 1178 percipit,

333 1191 402 1256 lata
425 1191 461 1255 in
484 1214 536 1257 me
570 1193 778 1279 postmodum
816 1198 890 1278 post
921 1192 1176 1278 appellationem
1211 1195 1384 1272 sententia,

332 1314 353 1357 a
377 1293 482 1359 doctis
504 1296 545 1360 dc
567 1295 757 1360 humilitate
780 1294 915 1379 culpari,
931 1316 1029 1379 quam
1054 1295 1170 1360 divina
1192 1296 1385 1362 celebrando

332 1395 373 1460 de
393 1417 474 1461 ausu
498 1398 591 1482 quasi
615 1397 771 1482 sacrilego
793 1419 813 1461 a
836 1396 1051 1461 multitudine
1076 1397 1269 1483 reprehendi
1282 1396 1307 1476 ;¹
1332 1421 1384 1463 me

331 1496 378 1562 sic
400 1497 534 1577 habens,
557 1498 604 1563 sic
627 1499 662 1561 in
685 1498 838 1563 omnibus
864 1497 1033 1574 exhibens
1057 1520 1095 1563 ac
1117 1500 1145 1563 si
1169 1521 1221 1563 1111
1257 1506 1385 1566 teneret

331 1601 506 1679 sententia,
539 1620 638 1685 quam
669 1601 712 1665 ab
750 1601 820 1685 ipso
859 1622 927 1665 suae
967 1601 1247 1686 pronuntiationis
1286 1601 1383 1667 initio

331 1702 510 1787 apostolica
533 1701 719 1768 sublimitas
754 1701 906 1780 elidebat,
930 1703 973 1768 ad
997 1724 1096 1787 quam
1129 1704 1296 1789 praemissa
1326 1726 1384 1789 ap·

331 1804 467 1889 pellatio
481 1805 688 1881 sententiam,
704 1826 745 1869 ne
762 1805 842 1890 quid
864 1811 974 1890 posset
998 1805 1141 1881 omnino,
1156 1805 1383 1890 potentissime

331 1909 538 1995 reprimebat.
595 1910 661 1990 Qui
699 1910 856 1973 nimirum
894 1909 1054 1976 articulus
1092 1931 1167 1974 eum
1206 1910 1309 1995 possit
1347 1911 1382 1974 in

330 2017 457 2097 partem
496 2012 590 2089 hanc,
627 2017 759 2098 patrum
798 2013 994 2079 auctoritate
1033 2013 1242 2098 suffragante,
1280 2011 1382 2096 pluri·

329 2135 420 2177 mum
459 2113 631 2198 disputari,
670 2112 827 2198 inspectis
866 2117 978 2178 tamen
1012 2113 1133 2178 litteris
1172 2113 1291 2197 quibus
1331 2135 1382 2178 me

328 2221 440 2280 vestra
462 2215 581 2280 ceritas
603 2214 767 2279 instruere
791 2220 825 2279 et
848 2215 1006 2279 consolari
1030 2215 1168 2300 dignata
1191 2220 1250 2292 est,
1282 2214 1382 2280 alter·

329 2316 490 2381 nationem
517 2317 637 2402 respui,
660 2321 695 2381 et
713 2317 814 2402 juxta
837 2317 940 2382 vestri
975 2316 1112 2380 sormam
1136 2317 1264 2382 consilii
1287 2318 1382 2383 ahso-

329 2417 455 2484 lutione
489 2425 647 2504 suscepta,
682 2424 844 2503 praesente
868 2418 1049 2504 Evangelio
1073 2440 1123 2483 me
1149 2419 1241 2483 vobis
1276 2420 1311 2483 in
1345 2420 1380 2485 id

329 2520 416 2605 quod
440 2526 550 2586 vestra
583 2519 665 2584 mihi
700 2521 858 2586 sanctitas
882 2520 1010 2585 dederit
1032 2520 1067 2583 in
1101 2520 1267 2585 mandatis
1299 2521 1380 2586 obli·

327 2623 415 2708 gavi,
438 2629 548 2688 vestro
572 2644 631 2708 per
653 2622 764 2688 omnia
786 2621 954 2708 pariturus
978 2621 1115 2708 imperio
1133 2643 1193 2707 pro
1216 2623 1379 2707 possibili-

327 2730 407 2802 tate,
438 2745 506 2790 non
540 2745 724 2791 recessurus
760 2746 781 2789 a
812 2723 978 2809 promisso.
1026 2723 1206 2809 Temperet,
1239 2725 1379 2802 obsecro,

327 2827 447 2894 caritas
481 2832 619 2913 paterna
657 2825 859 2903 mandatum,
892 2846 1060 2911 quousque
1093 2847 1203 2890 meum
1238 2827 1273 2890 in
1303 2828 1379 2912 jure

328 2928 587 3016 deprehenderit,
603 2935 714 2994 actore
738 2928 850 3013 aliquo
874 2932 908 2993 et
939 2928 1057 2993 idoneo
1080 2933 1175 3005 teste,
1198 2935 1378 3014 peccatum.

327 3030 365 3096 si
380 3030 506 3095 meritis
529 3030 670 3115 gratiam
696 3029 809 3095 referri
824 3029 949 3107 distuli,
966 3029 1103 3093 aestivus
1126 3029 1221 3105 calor,
1238 3030 1377 3096 difficul-

327 3138 378 3198 tas
400 3133 538 3208 itineris,
561 3132 815 3219 depraedationis
849 3135 957 3195 metus
980 3137 1015 3195 et
1037 3131 1182 3207 carceris,
1205 3132 1240 3196 id
1275 3133 1378 3199 fecero

326 3235 459 3300 differri.
507 3234 545 3298 Si
577 3255 765 3320 progressus
798 3232 833 3295 in
866 3232 984 3296 itinere
1016 3232 1059 3296 ad
1090 3255 1149 3297 vos
1184 3255 1287 3319 usque
1310 3257 1376 3299 non

325 3337 475 3421 processi,
516 3335 759 3421 exploratorum
796 3332 924 3398 insidiis
962 3333 1141 3418 impeditus
1177 3357 1260 3414 sum,
1291 3343 1326 3402 et
1356 3359 1377 3401 a

325 3439 453 3503 nuntiis
476 3437 600 3502 domini
624 3437 709 3522 regis
741 3457 762 3500 a
784 3440 895 3499 vestra
917 3434 1121 3501 sublimitate
1144 3437 1290 3513 reversis,
1314 3437 1376 3502 sub

325 3539 432 3605 multa
463 3538 741 3614 interminatione,
764 3542 943 3603 revocatus.
992 3536 1132 3603 Obsecro
1159 3559 1217 3623 per
1250 3539 1375 3605 miseri·

324 3641 469 3708 cordiam
493 3640 574 3706 Jesu
609 3639 744 3718 Christi,
779 3638 914 3705 Domini
948 3640 1061 3716 nostri,
1095 3647 1134 3704 ut
1165 3647 1260 3725 pater
1292 3643 1375 3708 iram

324 3745 392 3810 filio
416 3744 456 3809 de
479 3743 574 3809 eorde
601 3743 761 3821 remittat,
784 3750 818 3808 et
851 3743 888 3807 in
921 3765 981 3807 sua
1013 3734 1214 3828 protectione
1246 3765 1376 3832 suscep·

322 3853 396 3912 tum
418 3852 526 3912 totum
550 3846 590 3912 de
613 3851 730 3912 caetero
755 3846 798 3910 ad
821 3867 916 3910 omne
939 3867 1033 3931 posse
1058 3843 1189 3909 1111111112
1212 3851 1246 3911 et
1278 3869 1374 3913 suum

322 3949 406 4015 velle
422 3948 595 4034 possideat
628 3945 809 4014 Conservet
823 3946 1084 4013 incolumitatem
1101 3953 1244 4013 vestram
1261 3949 1376 4015 Domi·

321 4074 393 4130 nus,
415 4050 452 4115 in
475 4050 608 4118 Christo
631 4050 749 4115 dilecto
771 4055 873 4135 pater.

355 4283 363 4316 ¹
382 4284 458 4335 Some
482 4281 545 4333 such
566 4281 633 4331 word
652 4296 681 4330 aa
702 4279 780 4329 malm
802 4279 823 4329 is
903 4278 1022 4340 ²otius.
1035 4281 1068 4332 G.

321 4361 438 4428 required
449 4361 518 4411 here.
