3278 5662
479 766 545 826 458
929 774 1110 823 emeretur.
1337 761 1421 845 [Ab.
1441 765 1546 832 1171.

480 967 640 1032 ultionem
688 988 789 1045 suam,
831 965 924 1050 (quia
961 985 1028 1049 qua
1065 984 1219 1030 mensura
1255 965 1362 1028 mensi
1400 965 1544 1032 fueritis

478 1070 677 1145 remetietur,
701 1074 734 1133 et
757 1068 814 1153 qui
837 1067 961 1132 fuderit
983 1066 1189 1152 sanguinem,
1212 1066 1374 1132 fundetur
1397 1070 1543 1155 sanguis

478 1168 580 1251 illius)
621 1176 798 1257 paternum
832 1174 947 1234 contra
985 1173 1152 1254 sceptrum
1190 1168 1431 1234 dominationis
1467 1176 1542 1235 tuae

477 1278 609 1338 aetemee
644 1273 818 1338 suscitabit
855 1272 962 1336 zelum
999 1292 1150 1335 amarum
1199 1270 1345 1335 filiorum
1388 1276 1541 1339 tuorum.

479 1375 714 1441 Verumtamen
736 1375 823 1439 faxit
847 1374 937 1438 Deus
961 1394 1013 1437 me
1036 1372 1118 1437 false
1142 1372 1366 1459 prophetare3
1397 1373 1541 1439 interim

477 1499 627 1564 praepara
659 1477 803 1542 annnam
838 1482 930 1540 tuam
967 1473 1011 1539 ad
1048 1472 1310 1539 tribulationem.
1357 1473 1538 1541 Peccatum

478 1580 627 1666 peccavit
649 1579 840 1654 Jerusalem,
873 1576 1046 1663 propterea
1080 1576 1248 1640 instabilis
1270 1575 1359 1642 fecta
1380 1583 1440 1654 est,
1474 1599 1540 1645 nec

478 1688 528 1746 est
552 1703 618 1767 paor
641 1671 768 1745 ossibus
790 1680 899 1766 regiis,
922 1679 1039 1756 idest,
1063 1679 1231 1743 interioris
1261 1679 1406 1744 hominis
1428 1682 1539 1766 parti-

479 1784 541 1847 bus
573 1783 806 1869 superioribus,
841 1803 862 1846 a
887 1781 970 1847 facie
1004 1785 1213 1866 peccatorum
1247 1803 1392 1846 suorum.
1439 1781 1537 1848 Salo·

479 1906 557 1949 mon
580 1885 672 1950 litem
688 1906 781 1949 suam
804 1883 1010 1948 instituendo
1025 1882 1189 1948 revelavit
1204 1889 1355 1970 potentes
1378 1889 1538 1969 potenter

479 1992 645 2052 tormenta
676 2008 836 2073 passuros
860 1986 1017 2072 quoniam
1040 1990 1184 2051 aeternus
1206 1986 1319 2052 Judex
1343 2008 1411 2052 non
1442 2009 1538 2054 verc-

479 2089 571 2155 bitur
605 2089 878 2179 magnitudinem
912 2088 1159 2173 cujuscumque.
1215 2089 1362 2174 Jamjam
1402 2097 1537 2176 aposto

479 2192 587 2257 lorum
609 2192 808 2258 novissimus
827 2190 993 2275 judicium
1016 2190 1220 2266 reformidet,
1238 2192 1327 2277 quod
1342 2191 1402 2257 fiet
1424 2192 1536 2258 duris·

480 2295 600 2359 simum
633 2294 685 2358 his
720 2293 777 2379 qui
810 2298 968 2378 praesunt.
1014 2291 1087 2358 Hoc
1119 2314 1194 2357 cum
1224 2294 1320 2379 gravi
1357 2294 1537 2360 verborum

479 2397 623 2484 pondere
646 2396 687 2460 de
720 2394 806 2459 bono
837 2415 934 2479 opere
965 2414 1033 2457 non
1065 2393 1258 2478 lapidamus,
1281 2395 1337 2459 sed
1370 2394 1412 2460 de
1446 2396 1537 2462 blas·

482 2499 620 2585 phemia,
644 2499 685 2562 de
715 2496 938 2561 exsecratione
962 2500 996 2559 et
1028 2495 1207 2572 mendacio,
1229 2496 1258 2559 si
1281 2517 1397 2561 verum
1428 2501 1537 2584 parri.

480 2601 603 2668 cidium
626 2598 715 2686 quod
737 2598 878 2663 relatum
898 2603 956 2674 est,
980 2596 1050 2660 zelo
1073 2597 1198 2661 zelatus
1214 2618 1274 2682 pro
1297 2597 1374 2663 filiis
1397 2599 1537 2666 Domini

480 2702 544 2768 Dei
582 2701 788 2766 exercituum
838 2699 945 2784 spineo
984 2704 1173 2765 nostrorum
1198 2720 1382 2764 eremorum
1416 2701 1536 2789 lingua

481 2805 601 2870 dolatae
631 2807 711 2869 sunt
733 2802 891 2879 aculeata,
925 2822 993 2865 non
1025 2801 1097 2865 sine
1131 2806 1299 2886 punctura
1332 2803 1539 2889 loquuntur;

481 2928 597 2973 verum
620 2906 668 2971 ita
691 2909 842 2991 pungant
865 2908 904 2968 ut
927 2908 1193 2989 compungantur
1227 2907 1470 2991 compungendi
1490 2909 1535 2974 ed

480 3008 630 3075 salutem.
677 3006 814 3072 Acerbae
838 3005 1054 3090 querimoniae
1076 3027 1159 3071 meae
1174 3026 1242 3071 non
1265 3015 1467 3087 succussant
1490 3032 1535 3075 ne

481 3110 625 3176 deterius
641 3108 725 3194 quid
740 3106 932 3192 contingat;
954 3127 1082 3191 magnes
1098 3107 1246 3172 ulcerum
1270 3109 1374 3173 saniei
1390 3112 1535 3177 validius

480 3212 682 3280 detersivum
705 3230 834 3274 necesse
850 3212 909 3284 est,
926 3229 968 3272 ex
984 3208 1110 3273 modico
1126 3210 1264 3274 vulnere
1286 3211 1437 3276 tabidum
1453 3213 1534 3281 fecit

481 3318 573 3381 ulcus
589 3314 688 3377 nimis
704 3310 828 3375 blanda
843 3309 990 3396 chirurgi
1005 3331 1130 3374 manus.
1178 3310 1257 3375 Non
1272 3313 1368 3377 audit
1384 3316 1533 3382 medicus

481 3417 588 3483 fidelis
610 3416 699 3479 inter
722 3413 935 3478 resecandum
959 3413 1132 3499 putridum
1164 3415 1349 3479 membrum
1372 3417 1533 3485 lamenta-

481 3520 581 3584 bilem
604 3515 701 3579 emioi
724 3515 776 3578 sui
800 3536 921 3591 vocem,
949 3515 1004 3579 sed
1028 3515 1071 3578 od
1095 3514 1244 3579 salutem.
1290 3515 1383 3594 Volo,
1401 3519 1533 3587 domine

482 3622 529 3687 mi
566 3641 633 3695 rex,
665 3624 699 3682 te
731 3617 849 3682 talium
885 3618 1091 3683 sermonibus
1122 3624 1183 3683 eut
1213 3619 1358 3684 consiliis
1390 3623 1441 3685 uti
1474 3627 1533 3709 qui

482 3730 551 3790 tam
575 3722 716 3786 timeant
738 3719 871 3806 palpare
894 3720 981 3785 vitio
1004 3742 1103 3806 quem
1135 3722 1317 3787 detractare
1342 3723 1532 3793 virtutibus.

482 3826 638 3892 Vendant
660 3823 724 3888 elio
740 3823 810 3889 loco
825 3828 860 3888 et
882 3822 990 3888 oleum
1013 3845 1109 3887 suum
1134 3831 1320 3909 peccatores
1345 3825 1395 3889 illi
1417 3827 1533 3894 adula-

483 3935 569 3995 tores
599 3947 699 4014 quam
733 3947 841 3992 eorem
875 3931 930 4004 tc;
960 3947 1043 4011 pure
1076 3948 1190 4011 regum
1228 3926 1336 4013 imago
1367 3949 1434 3992 non
1457 3931 1533 3996 vult

483 4032 553 4098 oleo
576 4028 756 4117 peccatoris
780 4026 982 4113 impinguari
1006 4032 1107 4113 caput
1121 4049 1227 4094 suum.
1275 4027 1350 4092 Etsi
1375 4034 1407 4092 te
1431 4031 1534 4098 lacte-

482 4132 594 4200 verint
615 4134 801 4218 peceatoros
824 4128 922 4193 aulici
946 4149 988 4192 ne
1020 4128 1208 4212 acquiescas
1231 4129 1286 4204 eis,
1309 4130 1430 4195 molliti
1453 4140 1532 4198 sunt

482 4257 646 4304 sermones
669 4254 792 4310 eorum,
815 4232 872 4296 sed
907 4231 971 4316 ipsi
1006 4236 1085 4295 sunt
1114 4231 1235 4316 jacula,
1258 4233 1397 4299 offerent
1421 4235 1534 4302 Sema-

483 4339 583 4405 ritoni
607 4334 770 4424 (intelligo
793 4334 913 4398 enimae
941 4337 1008 4397 tuae
1031 4333 1195 4418 custodes)
1220 4334 1328 4398 oleum
1351 4340 1386 4399 et
1408 4336 1532 4417 vinum,

483 4450 522 4508 ut
543 4443 662 4507 animae
685 4437 857 4502 insolentis
891 4436 1074 4502 infundant
1098 4437 1312 4515 vulneribus3
1346 4441 1475 4505 utinam
1499 4450 1534 4509 et

483 4566 543 4631 ogo
565 4564 638 4608 cum
664 4539 711 4605 eis
734 4540 846 4603 fierem
869 4538 957 4624 apud
982 4544 1014 4602 to
1039 4539 1178 4603 idoneus
1193 4539 1344 4604 minister
1366 4542 1445 4606 novi
1469 4548 1533 4609 tes·

483 4644 633 4721 tumenti,
657 4642 748 4706 duris
781 4640 891 4705 verbis
922 4640 1060 4705 veniens
1093 4640 1137 4705 ed
1171 4647 1215 4718 te,
1238 4642 1353 4706 vinum
1388 4644 1537 4732 increpa·
