3278 5662
253 780 318 833 sn.
336 770 448 854 noe]
688 786 866 837 srrsroan.
1264 777 1303 839 91

253 970 462 1037 Cistertiensi
486 978 522 1037 et
545 969 732 1036 universis¹
756 971 935 1035 abbatibus
958 970 1185 1036 Cistertiensis
1217 970 1304 1034 ordi-

252 1073 314 1150 nis,
332 1074 390 1159 qui
412 1074 455 1139 ad
477 1073 662 1159 capitulum
687 1071 910 1137 Cistertium²
931 1073 1144 1149 conveniunt,
1160 1073 1304 1137 salutern

253 1179 288 1238 et
309 1176 444 1241 sincerae
467 1175 655 1240 dilectionis
676 1174 843 1241 affectum.

298 1275 350 1341 De
378 1284 488 1343 vestra
519 1274 734 1343 sinceritate³
765 1282 800 1341 et
830 1277 989 1362 religione
1019 1274 1172 1362 plenius4
1203 1274 1303 1341 confi·
1316 1287 1440 1363 nequat-

254 1378 342 1453 dens,
363 1385 398 1444 et
414 1380 622 1445 coustantius
645 1402 857 1465 praesumens,
873 1380 1086 1444 universitati
1101 1384 1222 1444 vestrae
1249 1378 1303 1442 de·
1316 1352 1423 1483 ἓξὲξ
1435 1418 1463 1467 of

253 1480 356 1545 vote³
377 1481 537 1566 supplico,
553 1481 726 1546 humiliter
747 1488 864 1568 petens
880 1486 1043 1568 quatenus
1066 1482 1131 1546 mei
1153 1488 1187 1546 et
1202 1481 1456 1545 heere-theorder·

254 1582 332 1646 dum
363 1604 513 1647 meorum
545 1584 739 1649 memoriam
761 1583 922 1661 habeatis,
945 1604 1073 1648 necnon
1096 1588 1131 1648 et
1155 1582 1304 1646 fidelium

254 1706 420 1763 meorum3
457 1691 624 1770 quatenus
654 1686 807 1772 precibus
844 1686 965 1750 vestris
1000 1684 1082 1749 mihi
1112 1685 1305 1771 propensius

253 1785 431 1852 inclinetur
468 1788 586 1853 divina
630 1788 816 1864 clementia,
853 1789 1014 1874 nobisque
1060 1789 1305 1853 miserationem

254 1890 325 1975 ejus
359 1890 540 1976 propitiam
573 1891 682 1956 facere
716 1892 889 1969 studeatis,
911 1898 952 1956 ut
983 1914 1058 1957 cum
1090 1912 1168 1977 paee
1200 1888 1306 1953 solida

253 1997 288 2055 et
319 1993 478 2058 continua
509 2015 570 2058 nos
604 1994 736 2080 dirigat,
771 1999 806 2059 et
836 2015 975 2081 regnum
1010 2015 1121 2058 meum
1155 1997 1190 2057 et
1223 1991 1305 2055 alias

253 2100 357 2159 terras
380 2096 462 2159 mihi
494 2096 647 2161 subditas
669 2102 849 2162 conservet.
895 2097 1060 2163 Praeterea
1083 2096 1178 2161 vobis
1210 2096 1305 2159 inno·
1318 2104 1454 2168 Reponof

253 2202 377 2262 tescere
400 2198 484 2273 volo,
508 2196 620 2283 quod⁰
641 2199 778 2262 nuntios
811 2198 937 2263 domini
969 2220 1072 2284 papae,
1095 2197 1184 2261 viros
1207 2217 1304 2260 veno·
1317 2171 1428 2302 ffisselffi

252 2298 373 2363 rabiles
404 2298 611 2375 Gratianum,
642 2298 769 2365 domini
800 2322 894 2386 papae
924 2301 1099 2377 notarium,
1131 2306 1165 2364 et
1187 2299 1306 2383 magis-
1319 2302 1437 2379 wirhtpe

253 2405 342 2464 trum
366 2400 557 2479 Vivianum,
582 2406 706 2466 sanctae
729 2401 888 2467 Romanae
922 2402 1066 2469 ecclesiae
1098 2403 1306 2477 advocatum,
1319 2384 1436 2487 ξᾷᾞ

254 2524 336 2587 quos
359 2524 419 2588 pro
451 2503 587 2589 negotio
621 2503 859 2590 archiepiscopi
894 2504 1147 2571 Cantuariensis
1179 2505 1223 2569 ad
1256 2527 1307 2569 me

254 2607 448 2682 transmisit,
481 2606 661 2673 honorifice
693 2609 869 2693 suscipere,
906 2609 1103 2694 petitionem
1141 2608 1213 2693 ejus
1248 2631 1308 2694 per

255 2710 383 2773 eosdem
417 2708 501 2772 mihi
534 2715 720 2794 porrectam
755 2711 885 2787 devota,
917 2712 1005 2776 sicut
1038 2712 1159 2788 decuit,
1191 2712 1307 2777 audire

253 2811 375 2875 curavi.
424 2809 541 2875 Eidem
573 2816 687 2875 autem
722 2812 887 2895 petitioni,
910 2813 1061 2877 adhibito
1094 2814 1231 2879 consilio
1254 2835 1307 2877 ar-

253 2910 543 2999 chiepiscoporum,
569 2910 625 2978 et⁷
648 2913 883 2999 episcoporum,
910 2918 945 2978 et
967 2914 1126 2979 abbatum
1150 2916 1306 3001 plurium,

253 3013 396 3099 benigne
429 3021 465 3078 et
495 3013 698 3079 sufficienter
728 3015 927 3100 respondere
959 3037 1034 3081 cum
1070 3018 1304 3103 praedictorum

254 3116 447 3180 nuntiorum
470 3136 632 3180 consensu
655 3116 777 3194 studui,
802 3117 890 3181 sicut
911 3138 971 3182 vos
1002 3118 1188 3204 subscripta
1211 3119 1305 3184 doee-

255 3218 347 3293 bunt,
371 3222 411 3281 ut
433 3218 569 3283 domino
591 3239 687 3304 papae
710 3219 935 3284 omnimodam
958 3220 1074 3284 videar
1096 3220 1133 3284 in
1155 3220 1217 3285 hoc
1248 3243 1305 3285 ne·

254 3321 344 3405 gotio
367 3319 557 3385 exhibuisse
590 3321 820 3397 reverentiam,
844 3321 921 3386 licet
955 3344 1084 3407 semper
1113 3324 1184 3408 juri
1207 3330 1305 3401 stare,

255 3427 288 3487 et
310 3423 399 3507 quod
433 3424 522 3486 inter
543 3442 603 3486 nos
633 3421 712 3505 jus⁸
745 3428 908 3489 statueret
939 3425 1059 3502 subire,
1091 3427 1262 3511 petiissem
1286 3449 1307 3491 a

254 3522 444 3608 primordiis
474 3521 575 3605 hujus
598 3543 725 3597 causaa3
756 3527 790 3587 et
821 3525 941 3608 saepius
974 3525 1191 3611 postulassem
1223 3534 1305 3592 uta

253 3624 354 3689 latere
377 3624 505 3689 domini
528 3645 622 3710 papae
639 3625 947 3691 transmitterentur
970 3630 1037 3713 qui,
1060 3630 1101 3695 de
1124 3629 1190 3694 ista
1205 3651 1306 3694 causa

254 3728 384 3812 plenius
421 3731 665 3812 cognoscentes,
689 3725 782 3790 illam
820 3729 992 3813 aequitatis
1030 3731 1096 3795 fine
1130 3733 1307 3797 conclude·

256 3838 337 3894 rent.
383 3828 659 3912 Archiepiscopus
676 3826 934 3907 Cantuariensis,
951 3832 1037 3898 sicut
1051 3834 1093 3897 ad
1117 3836 1308 3900 remotiores

255 3928 397 3995 finium⁹
418 3927 636 3995 nostrorum¹⁰
657 3936 769 4016 partes
785 3931 875 3998 fama
889 3933 1130 3999 discurrente¹¹
1154 3936 1307 4023 divulga-

291 4194 300 4227 ¹
317 4193 450 4253 universis,
463 4194 505 4251 A,
523 4189 645 4253 mnibus,
657 4194 690 4244 G.
840 4194 851 4231 7
868 4200 900 4253 el,
912 4197 946 4255 Α,
959 4196 997 4255 0;
1015 4210 1065 4246 om.
1077 4200 1108 4255 L,
1121 4200 1153 4249 G.

288 4274 300 4307 ²
319 4272 516 4330 cisterciensem,
529 4273 563 4323 G.
839 4273 851 4305 ⁸
861 4274 916 4337 jus,
928 4273 963 4335 A,
975 4275 1006 4333 Ο,
1018 4277 1053 4333 Ζ;
1072 4292 1121 4327 om.
1134 4279 1164 4326 L.

289 4352 459 4414 'sanctitum
482 4353 513 4412 Z,
534 4352 572 4413 153
599 4352 755 4414 sinceritate,
840 4351 850 4383 ⁹
861 4352 961 4413 finium,
973 4354 1009 4413 A,
1026 4353 1059 4412 0,
1077 4354 1110 4415 23
1122 4356 1253 4419 finarum,
1264 4357 1305 4417 V3

864 4446 879 4477 ιι
1010 4470 1016 4482 .

260 4434 530 4576 Attanae.
806 4429 1107 4573 ammam

292 4590 302 4623 ⁸
317 4590 435 4649 devotius,
448 4588 477 4638 Z.
840 4589 859 4622 ¹¹
876 4590 1027 4654 discurrere,
1040 4592 1075 4654 L,
1087 4594 1118 4645 G.

292 4667 427 4734 lamo.
