3278 5662
192 814 254 862 sn.
276 800 387 884 1169]
629 816 808 865 uersroms.
1198 806 1237 866 21

188 1003 364 1078 sternatur,
389 1009 423 1068 ct
446 1007 548 1088 caput
579 1005 724 1082 amittat,
749 1006 846 1091 quod,
869 1009 908 1068 ut
927 1004 997 1089 jam
1020 1026 1120 1091 supra
1147 1025 1240 1068 mou-

187 1103 373 1182 stravimus,
398 1105 433 1168 in
449 1113 519 1170 tam
543 1108 664 1173 multas
680 1112 767 1171 artes
791 1106 894 1171 vertit
916 1113 950 1171 ct
972 1107 1112 1172 fraudes,
1152 1106 1240 1171 Nam

189 1209 225 1267 tu
248 1205 337 1270 solus
360 1208 397 1271 in
432 1207 554 1274 militia
587 1214 684 1276 tanto
706 1209 880 1275 certamini
912 1208 1034 1274 habilis
1057 1208 1239 1275 aestimaris.

190 1304 232 1367 Et
269 1310 350 1373 tunc
388 1311 536 1394 profecto
573 1310 610 1373 in
647 1311 759 1377 decem
795 1308 943 1374 millibus
985 1310 1240 1395 juvencularum

187 1408 398 1492 psallentium
433 1413 623 1478 testimonio
662 1411 891 1498 triumphabis
940 1411 1027 1476 Nam
1065 1411 1240 1498 pestilente

187 1517 345 1592 pereunte
368 1511 427 1576 alii
459 1534 576 1578 manus
609 1535 686 1578 suas
720 1512 884 1578 lavabunt
917 1512 954 1575 in
976 1513 1136 1599 sanguine
1166 1534 1239 1598 pec·

187 1612 313 1688 catoris,
332 1612 435 1697 juxta
457 1616 543 1700 quod
568 1636 655 1679 unus
678 1620 867 1680 sanctorum
890 1613 949 1689 ait,
972 1612 1089 1679 melius
1109 1635 1178 1679 csse
1202 1618 1241 1678 ut

187 1733 364 1796 paucorum
390 1714 602 1782 damnatione
629 1716 764 1803 plurimi
798 1716 981 1781 liberentur
1003 1737 1103 1801 quam
1126 1735 1240 1782 eorum

187 1814 393 1881 absolutionc
428 1818 538 1903 plures
576 1819 817 1904 periclitentur.
863 1818 1024 1903 Alioquin
1062 1823 1151 1883 certe
1189 1819 1241 1882 in·

185 1914 279 1999 justa
310 1918 536 1985 misericordia
569 1925 628 1985 est.
676 1921 847 1987 Consulite
882 1942 961 2007 ergo
984 1920 1093 1985 Heliae
1124 1920 1240 1996 zelum,

188 2021 223 2082 et
243 2019 373 2105 gladius
397 2020 579 2087 Phineesa
610 2022 717 2088 cordis
742 2023 844 2086 vestri
868 2022 934 2086 ne¹
968 2022 1101 2088 excidat
1135 2023 1240 2087 mani·

188 2119 268 2199 bus;
298 2128 334 2186 et
367 2122 479 2189 videte
502 2145 568 2208 quo
591 2123 659 2189 zelo
682 2124 803 2209 diguus
834 2125 880 2188 sit
903 2123 961 2208 qui
985 2122 1164 2210 operatus²
1189 2129 1239 2189 cst

188 2222 244 2297 sic,
267 2225 324 2308 qui
347 2231 473 2310 patrem
497 2248 595 2290 suum
618 2226 754 2290 retrusit
779 2227 813 2289 in
836 2247 1006 2306 carcerem,
1031 2225 1182 2303 nudavit,
1205 2232 1241 2291 et

187 2325 296 2391 adhuc
318 2332 411 2393 tenet
441 2329 477 2391 iu
499 2328 650 2406 vinculis,
673 2333 707 2393 ct
732 2328 833 2414 (quod
865 2330 986 2416 plango
1018 2328 1240 2416 lacrymosius,

187 2429 269 2512 quia
298 2430 424 2494 cacteris
447 2430 675 2495 detestabilius
698 2432 771 2517 cst,)
803 2431 908 2515 patris
931 2431 982 2494 sui
998 2451 1167 2516 -sponsam
1190 2451 1241 2496 vc·

189 2529 277 2594 latus
299 2536 350 2594 est
372 2530 446 2608 sibi,
469 2537 503 2596 ct
538 2553 604 2596 uon
638 2532 674 2595 in
698 2531 845 2598 conclavi
868 2532 938 2609 hoc,
972 2532 1030 2597 sed
1055 2532 1109 2617 (ut
1142 2553 1243 2618 supra

189 2630 350 2715 diximus)
385 2633 524 2718 publioe‚
548 2632 654 2698 cubile
678 2633 783 2719 patris
805 2632 929 2698 violare
952 2632 1143 2709 attentavit,
1166 2652 1241 2717 pro-

190 2737 325 2809 testans,
347 2733 468 2820 populo
491 2742 527 2800 et
548 2735 634 2800 clero
657 2735 804 2800 civitatis
827 2756 896 2800 suae
918 2735 1082 2812 audiente,
1105 2756 1139 2798 se
1166 2733 1241 2818 jure

190 2833 309 2899 debere
352 2837 560 2922 metropolim
598 2836 755 2914 obtinere,
797 2859 857 2902 nec
895 2836 1127 2902 Cantuaricnsi
1175 2835 1242 2900 ullo

190 2937 353 3023 adstringi
384 2939 598 3025 professionis
630 2962 688 3006 seu
712 2939 911 3005 obedientiae
943 2939 1085 3005 vinculo.
1133 2937 1243 3024 Igitur

191 3062 235 3104 an
272 3039 512 3107 absolutionem
551 3063 609 3107 seu
648 3042 932 3108 condemationem
977 3040 1134 3105 meruerit
1172 3045 1240 3104 taur

194 3142 359 3207 malitiosa
399 3149 562 3230 operatus,
601 3149 671 3209 tam
711 3144 853 3231 superba
889 3143 1029 3219 locutus,
1066 3142 1242 3230 singularis

193 3246 356 3330 primatus
380 3247 481 3311 vestri
504 3246 722 3312 consideratio
752 3246 831 3312 haee
879 3245 973 3310 Etsi
996 3245 1106 3311 forsan
1129 3266 1244 3312 secam·

192 3347 272 3411 dum
307 3348 560 3413 ecclesiasticum
595 3368 718 3413 morem
750 3347 971 3412 anathematis
1003 3346 1244 3437 absolutionem

192 3454 394 3539 impetrarit,
416 3475 460 3519 an
483 3455 518 3518 iu
550 3454 610 3520 hoo
641 3455 713 3541 ipso
744 3453 905 3540 parvitati
928 3475 1018 3531 meae,
1042 3476 1139 3540 quam
1163 3453 1244 3520 adeo

192 3557 430 3622 contumaciter
462 3557 669 3643 contempsit,
704 3557 786 3642 quin
816 3557 927 3643 potius
965 3578 1008 3622 an
1042 3557 1141 3621 matri
1176 3579 1244 3623 suaa

194 3660 345 3739 ecclcsiae,
368 3660 463 3746 cujus
493 3661 622 3748 publice
646 3666 771 3726 ettam
805 3660 1016 3747 impudenter
1047 3661 1139 3746 rupit
1169 3682 1245 3747 pro·

193 3763 345 3828 fessionis
367 3769 403 3828 et
424 3762 621 3829 obedientiae
644 3761 787 3838 vincula,
811 3762 929 3826 debeat
951 3763 1109 3826 reservari
1132 3767 1245 3829 aucto·

195 3865 285 3942 ritas,
317 3870 428 3930 vestra
460 3862 575 3929 itidem
610 3863 829 3929 consideratio
863 3861 954 3928 est:³
984 3867 1026 3939 et,
1064 3870 1104 3928 ut
1140 3869 1245 3930 tantae

195 3968 359 4053 majestati
391 3987 459 4032 non
493 3972 562 4032 tam
585 3973 708 4032 temere
731 3988 830 4050 quarn
856 3965 971 4029 timide
1004 3965 1075 4031 hacc
1107 3966 1246 4050 loquor,⁴

194 4070 333 4155 singulis
367 4070 513 4135 studioso
544 4067 736 4154 perpensis⁵
769 4069 805 4131 in
829 4067 913 4131 hanc
936 4089 1028 4152 spem
1062 4088 1129 4131 non
1160 4073 1247 4132 esset

195 4172 363 4248 absonum,
387 4177 422 4237 et
443 4192 502 4257 pro
525 4177 613 4236 certo
636 4170 678 4234 ad
702 4168 845 4235 ecclcsiae
879 4192 992 4254 pacem
1024 4170 1118 4234 fieret
1148 4190 1245 4256 cxpe-

197 4274 297 4339 ditior
318 4274 383 4350 via,
406 4271 434 4337 si
457 4273 564 4357 qualis
587 4271 713 4338 accedit
743 4272 819 4337 talis
850 4277 1042 4337 revertetur.
1089 4270 1246 4358 Alioquin
