3278 5662
232 758 298 808 an.
317 745 428 831 1170]
669 766 846 816 arrsroan,
1221 760 1283 821 241

230 946 316 1013 secto
348 950 396 1015 sic
430 974 581 1038 processu
616 956 773 1040 temporis
805 957 929 1041 poterit
962 957 1005 1022 ab
1039 957 1102 1022 hoc
1133 958 1285 1043 exemplo

230 1050 360 1117 malitia
394 1056 627 1133 convalescere,
661 1063 700 1121 ut
733 1080 794 1122 nec
825 1059 993 1123 Romanus
1025 1060 1095 1144 ipse
1134 1061 1283 1145 pontifex

231 1153 264 1216 in
289 1162 359 1220 toto
382 1180 484 1242 regno
514 1159 667 1225 inveniat
690 1161 745 1245 qui
771 1161 801 1224 ei
825 1165 940 1225 contra
970 1182 1078 1247 regem
1102 1166 1161 1225 aut
1192 1162 1282 1246 prin-

229 1258 317 1341 cipes
342 1258 423 1323 velit
456 1266 515 1324 aut
546 1262 668 1326 audeat
702 1262 842 1327 obedire.
892 1263 965 1328 Hoc
988 1268 1038 1327 cst
1072 1263 1160 1327 enim
1193 1263 1282 1348 quod

229 1361 340 1445 agitur
378 1362 420 1425 ab
458 1362 532 1439 illis,
572 1363 634 1428 hoc
667 1371 718 1427 est
755 1364 844 1449 quod
882 1370 994 1429 nostro
1025 1387 1156 1430 causam
1189 1366 1281 1430 dedit

229 1463 355 1528 exsilio,
394 1464 487 1529 Necl
504 1467 592 1530 enim
617 1471 667 1530 est
683 1467 785 1550 (sicut
799 1468 958 1551 quosdam
978 1467 1127 1532 dominos
1143 1476 1280 1546 nostros,

228 1564 345 1629 fratres
377 1572 511 1644 vestros,
544 1568 643 1631 audio
678 1572 860 1643 susurrarcl
884 1570 972 1655 quod
1005 1568 1088 1632 mihi
1122 1570 1280 1656 imputari

228 1667 346 1731 debeat
368 1669 577 1734 visitationes
600 1670 742 1757 Angliae,
768 1693 842 1755 quae
866 1671 1071 1736 decessorum
1095 1678 1280 1737 vestrorum

227 1774 373 1854 tempore
411 1772 561 1836 solebant
599 1773 680 1850 fieri,
717 1774 812 1837 vobis
850 1796 919 1838 csse
953 1774 1146 1839 subtractas.
1194 1774 1279 1839 Mihi

226 1873 339 1955 potius
389 1879 424 1937 ct
485 1874 611 1939 Christi
661 1873 887 1961 pauperibus,2
940 1875 1134 1941 coenulibus
1188 1877 1279 1953 meis,

226 1974 334 2038 fuerat
357 1977 590 2061 imputandum
615 1978 702 2061 quod
726 1979 821 2042 vobis
843 1977 969 2062 aliquid
1000 1983 1205 2043 reservatum
1228 1987 1279 2044 cst

225 2076 260 2139 in
284 2083 371 2141 tona
394 2079 459 2142 illa.
509 2081 662 2164 Legatur,
685 2081 713 2143 si
736 2080 852 2166 placet,
876 2080 1006 2144 libellus
1028 2080 1277 2166 reprobatarum
1291 2084 1406 2164 Taceou

224 2184 508 2259 consuetudinum,
548 2205 629 2268 quas
667 2188 783 2248 contra
821 2183 989 2247 ecclesiam
1036 2182 1200 2260 vendicat,
1243 2191 1278 2249 et
1291 2163 1428 2204 “mum“

224 2288 328 2350 nostri
361 2286 469 2350 exsilii
493 2308 591 2350 causa
613 2292 701 2360 sunt,
725 2290 759 2349 ct
793 2285 891 2371 plane
925 2285 1081 2350 videbitis
1104 2286 1276 2370 quomode,

223 2396 401 2473 antequam
437 2389 710 2474 proclamaremus
748 2386 988 2472 appellantium
1028 2387 1071 2451 ad
1101 2409 1160 2451 vos
1199 2386 1278 2453 ora³

222 2491 449 2575 praeluserit,t
472 2489 634 2574 quomodo
657 2489 728 2552 sine
753 2488 920 2572 juratoria
943 2489 1094 2552 cautione
1121 2510 1276 2575 personas

222 2593 456 2657 ecclesiasticas
489 2590 703 2656 transfretare
733 2589 949 2675 prohibuerit,
981 2589 1144 2674 quomodo
1175 2591 1276 2656 suffo-

221 2695 346 2759 caverit
379 2694 575 2758 electionum
603 2693 689 2777 jura,
712 2692 875 2775 quomodo
898 2691 1009 2755 omnia
1037 2691 1172 2775 judIcia,
1203 2700 1271 2758 tam

221 2798 439 2862 ecclesiastica
459 2819 557 2882 quam
581 2796 757 2874 mundana,
783 2793 922 2859 traxerit
944 2795 986 2859 ad
1010 2815 1148 2858 examen
1172 2797 1271 2861 curius

221 2922 297 2977 sum,
322 2901 484 2984 quomodo
508 2900 543 2963 in
566 2899 688 2963 eisdem
710 2896 1003 2964 consuetudinibus
1019 2918 1148 2961 omnem
1172 2897 1270 2963 eccle-

220 3002 384 3067 siasticam
430 3002 638 3087 jugulaverit
676 3001 871 3065 libertatem.
933 2999 1025 3079 Quis,
1062 3005 1173 3064 vestro
1211 3006 1271 3065 aut

221 3105 425 3168 decessorum
449 3112 633 3170 vestrorum
661 3111 816 3190 tempore,
839 3103 1007 3189 appellans
1030 3102 1072 3166 ad
1102 3103 1271 3168 ecclesiam

220 3207 413 3282 Romanam,
436 3229 537 3292 prece,
562 3207 615 3271 vel
638 3208 752 3293 pretio,
769 3205 822 3271 vel
840 3206 916 3291 jure
938 3212 1053 3270 contra
1075 3226 1150 3268 eum
1169 3205 1270 3289 justi·

220 3310 302 3373 tiam
336 3310 447 3394 potuit
481 3310 653 3374 obtineret
709 3309 975 3395 Appellationem
1011 3308 1186 3374 decessoris
1218 3309 1270 3372 sni

219 3412 283 3476 luit
315 3411 422 3475 adhue
458 3411 653 3475 Exoniensis
689 3411 868 3496 episcopus
902 3409 1069 3474 ecclesiam
1098 3410 1138 3475 de
1172 3410 1270 3474 Bose-

218 3513 294 3577 ham
318 3535 385 3577 sure
409 3513 552 3577 ccclesiae
576 3518 690 3577 contra
717 3533 846 3577 omnem
874 3511 1042 3596 justitiam
1066 3512 1269 3577 subtractam

218 3616 339 3680 dolens.
387 3616 642 3680 Sarcsberiensis
677 3616 856 3699 episcopus,
888 3615 941 3679 cui
973 3636 1007 3678 se
1039 3636 1128 3679 nunc
1158 3614 1269 3680 favere

217 3717 424 3781 dissimulat⁶
458 3724 590 3803 proptor
624 3715 875 3781 inobedientiae⁶
898 3716 1030 3791 crimen,
1060 3723 1204 3781 castrum
1227 3717 1269 3782 de

216 3821 364 3885 Divisis⁷
403 3828 436 3885 et
474 3821 555 3885 alias
594 3821 811 3906 possessiones
849 3820 992 3885 ecclesiae
1031 3842 1099 3886 sure
1146 3822 1268 3886 multas
1298 3811 1304 3819 ⁵

215 3924 351 3998 amittit,
375 3924 454 4008 quia
484 3924 591 4008 ipsum
614 3923 657 3986 ad
689 3922 872 3987 faciendam
902 3923 1155 3999 restitutionem,
1175 3924 1267 4009 jura·

216 4025 320 4088 menti
355 4025 510 4111 religione
542 4030 707 4088 arctatum
730 4025 933 4089 decessorum
969 4030 1152 4089 vestrorum
1177 4027 1267 4090 Ana-

211 4128 305 4191 stasii
344 4133 378 4190 et
413 4127 552 4190 Adriani
588 4126 717 4202 littoris,
742 4148 842 4191 ausus
874 4131 925 4191 est
958 4128 1142 4192 convenire.
1189 4128 1267 4191 Non

249 4418 255 4443 ¹
275 4433 363 4479 neque.
375 4418 406 4473 0,
419 4416 444 4465 A
456 4437 462 4476 ;
481 4433 532 4480 uec,
546 4418 573 4466 L.
800 4419 811 4450 ⁸
828 4418 939 4481 simulat,
949 4420 977 4468 Z.

247 4498 257 4530 ²
275 4505 307 4555 el,
318 4497 366 4544 ins.
381 4497 409 4544 L.
800 4496 811 4528 ⁶
829 4496 960 4557 violentia,
972 4499 1004 4547 L.

247 4576 257 4607 ³
275 4576 347 4634 horu,
359 4575 394 4625 V.
801 4574 812 4612 7
831 4575 943 4637 Divisis,
956 4577 991 4638 A,
1003 4578 1040 4640 23
1061 4577 1170 4639 Dirises,
1182 4580 1212 4628 L.

251 4658 259 4684 ¹
274 4655 413 4719 praelusit,
428 4658 460 4704 0.

309 4751 325 4783 o
341 4738 402 4783 1247
1104 4756 1126 4814 Q
