3278 5662
383 812 448 874 154
821 823 999 871 (11161616.
1244 809 1323 892 [un.
1341 808 1439 875 1171.

384 1019 544 1102 quitatem
561 1013 691 1078 refundi
707 1015 744 1077 in
758 1017 859 1098 caput
873 1014 967 1099 regis,
990 1017 1025 1077 et
1048 1015 1133 1100 regis
1149 1012 1327 1079 catholici?
1374 1013 1437 1076 Ille

383 1121 440 1204 qui
454 1121 490 1182 in
499 1118 615 1182 dicbus
627 1116 706 1183 Saul
716 1116 899 1181 abstulerat
911 1117 1120 1202 opprobrium
1138 1139 1179 1182 ex
1189 1117 1292 1183 Israel
1302 1116 1437 1182 vocavit

385 1243 475 1306 reges
499 1219 659 1305 clypeum,
683 1218 741 1283 illa
773 1219 809 1283 in
832 1219 978 1283 oratione
1009 1218 1140 1283 funebri
1171 1219 1321 1304 praedioti
1348 1217 1435 1304 regis

386 1323 466 1387 Saul
498 1326 532 1387 et
565 1320 729 1397 Jonathae,
768 1319 961 1385 amabilium
1001 1321 1207 1406 principum:
1247 1321 1433 1405 “Abjectus

384 1432 403 1462 ‘⁴
426 1430 476 1490 est
498 1424 535 1487 in
557 1428 591 1487 te
614 1423 749 1509 clypeus
764 1421 929 1487 fortium.'’
975 1422 1115 1486 Versum
1131 1421 1294 1487 decimum
1309 1421 1432 1486 Psalmi

385 1527 474 1602 xlvi,
507 1526 542 1588 in
572 1546 638 1609 quo
672 1523 833 1609 gloriatur
865 1523 984 1599 David,
1021 1532 1037 1557 “
1052 1524 1216 1603 Quoniam
1251 1524 1299 1587 dii
1332 1523 1433 1588 fortes

386 1638 404 1665 “
427 1633 523 1693 terrae
546 1625 759 1691 vehementer
782 1625 902 1689 elevati
925 1625 1030 1702 sunt,'’
1054 1625 1136 1711 legit
1151 1630 1274 1691 sanotae
1290 1623 1432 1690 66616616

385 1731 498 1795 (166161
534 1727 770 1812 Hieronymus,
801 1727 934 1813 “Reges
972 1733 1066 1793 scuta
1104 1727 1227 1792 terrae.''
1273 1728 1362 1793 Dato
1397 1733 1433 1792 ct

385 1850 543 1906 concesso,
576 1851 658 1914 quos
695 1830 783 1893 inter
816 1850 908 1915 roges
944 1834 977 1893 16
1009 1831 1183 1895 inventum
1215 1851 1283 1895 non
1316 1829 1431 1895 habeo.

385 1932 476 1997 Justi
491 1939 525 1997 16
547 1952 614 1997 non
637 1931 787 1995 sentiunt
809 1931 846 1994 in
868 1952 985 2018 genere
1008 1953 1076 1996 suo.
1122 1932 1228 2016 Reges
1245 1931 1295 1996 illi
1317 1931 1434 1996 obum-

384 2037 484 2101 brant
514 2056 613 2120 super
650 2040 750 2119 caput
787 2033 899 2120 populi
933 2035 969 2097 in
1000 2035 1054 2100 die
1095 2034 1192 2111 belli3
1232 2040 1270 2099 tu
1312 2041 1433 2112 autem,

383 2137 514 2202 domine
537 2136 584 2199 mi
615 2157 683 2212 1611,
713 2156 780 2199 non
810 2140 943 2200 tantum
978 2137 1102 2201 avertis
1133 2136 1252 2201 faciem
1289 2142 1382 2202 tuam
1412 2159 1433 2202 6

383 2239 470 2318 1616;
507 2238 595 2324 ipsos
629 2237 730 2302 etiam
762 2237 950 2304 interfectos
988 2238 1171 2323 insepultos
1203 2238 1361 2324 relinquis
1394 2239 1433 2303 111

381 2341 484 2407 oeulis
521 2340 606 2416 solis,
645 2344 685 2404 ut
723 2360 804 2424 quos
842 2340 1000 2425 opprimis
1032 2340 1256 2406 indesinenter
1287 2347 1431 2407 oontem-

380 2443 498 2530 plctur.
545 2441 666 2507 Fateor
688 2446 723 2505 61
752 2442 894 2527 ingenue
917 2462 984 2505 non
1015 2448 1125 2529 potest
1147 2441 1209 2508 hoc
1232 2443 1272 2508 de
1295 2447 1329 2508 16
1367 2443 1431 2507 sibi

379 2545 574 2633 persuadere
597 2545 708 2609 anima
730 2565 811 2621 mea,
841 2544 908 2608 nisi
940 2567 981 2609 ex
1005 2545 1144 2611 istorum
1166 2551 1300 2631 patrum
1331 2546 1432 2632 scrip

380 2651 424 2714 116
447 2648 681 2735 exprobratum
697 2646 823 2713 fuisset.
863 2647 1021 2734 Suscepto
1044 2670 1117 2714 mea
1132 2649 1305 2735 legatione,
1320 2651 1373 2715 cui
1395 2655 1431 2714 16

378 2752 543 2816 facturum
571 2750 651 2814 satis
678 2749 764 2834 regis
787 2749 983 2833 promiseras
1008 2755 1221 2827 sacramento,
1244 2756 1296 2816 161
1317 2756 1430 2816 tauta·

379 2874 443 2939 quc
477 2853 572 2917 nobis
604 2850 775 2916 contulisti
805 2849 983 2928 beneficia;
1014 2858 1054 2917 ut
1093 2851 1174 2936 quid
1207 2853 1271 2917 erit
1305 2853 1430 2937 pretii?

379 2955 461 3021 Ecce
484 2953 574 3018 enim
597 2953 699 3017 durus
726 2975 747 3018 6
769 2952 840 3017 Deo
864 2952 1001 3018 emissus
1018 2959 1068 3018 661
1089 2953 1258 3039 propheta,
1282 2955 1430 3019 omnium

374 3056 583 3143 justitiarum
629 3059 764 3120 tuarum
810 3076 892 3139 quas
937 3054 1047 3120 iecisti
1092 3076 1160 3120 non
1204 3055 1430 3121 recordabitur

377 3161 476 3226 Deus.
524 3159 564 3223 In
603 3180 728 3223 vanum
771 3158 927 3223 laborasti
965 3158 1159 3223 aedificando
1205 3159 1357 3225 civitates
1394 3166 1430 3226 61

377 3263 475 3329 cellas
499 3282 626 3348 parvas,
650 3262 686 3324 in
710 3261 829 3346 quibus
851 3261 947 3346 pauci
978 3260 1124 3326 resident
1150 3261 1215 3325 viri
1245 3284 1344 3347 super
1366 3263 1429 3327 flu·

208 3376 336 3427 116166-
378 3365 468 3429 mina
490 3362 661 3449 sanguinis
699 3362 801 3439 effusi,
835 3363 952 3427 flentes
982 3362 1061 3426 dum
1098 3363 1347 3429 recordarentur
1377 3366 1428 3430 tui

209 3443 347 3574 ξζζοζίζὲθ
376 3466 528 3531 zelatoris
555 3469 677 3530 nostrae
708 3464 798 3530 Sion.
847 3465 956 3529 Hodie
994 3465 1157 3531 aedificare
1189 3472 1223 3531 et
1252 3488 1322 3533 cras
1355 3468 1427 3532 (166-

209 3576 308 3640 olleaed
378 3575 496 3646 tmere,
527 3567 683 3654 quidest
713 3566 804 3631 aliud
828 3590 928 3653 quam
951 3568 1096 3633 animam
1120 3591 1213 3633 suam
1244 3571 1280 3633 in
1304 3592 1427 3636 vanum

210 3644 327 3723 conduct.
377 3670 548 3755 acciperet
580 3667 665 3732 Cum
700 3669 871 3754 quaesisset
903 3669 1036 3733 divinus
1059 3676 1159 3746 vatos,
1184 3671 1294 3750 “Quis
1317 3693 1428 3737 ascen-

378 3780 394 3807 “
417 3772 474 3836 det
484 3772 520 3834 in
534 3775 679 3835 montem
696 3770 832 3835 Domini
844 3771 872 3835 l’'
888 3772 1057 3858 respondit
1073 3772 1103 3836 ei
1116 3769 1262 3857 Spiritus
1274 3773 1427 3852 Sanctus,

316 3860 321 3871 ¹
377 3874 566 3938 “Innocens
588 3872 741 3937 manibus
764 3879 799 3937 et
821 3871 947 3936 mundo
970 3872 1093 3937 cordo.''
1140 3873 1176 3938 Si
1200 3873 1236 3938 hi
1264 3876 1330 3940 duo
1352 3898 1427 3962 gra·

376 3978 438 4041 dus
483 3981 562 4040 sunt
607 3975 781 4040 necessarii
826 3974 869 4038 ad
917 3974 1034 4040 caelum
1078 3976 1343 4062 pertingendum,
1391 3984 1426 4044 61

375 4080 520 4166 primum
553 4079 693 4164 gradum
725 4099 792 4142 non
827 4077 930 4162 possis
968 4077 1112 4162 amplius
1160 4079 1321 4156 invenire,
1360 4103 1426 4166 quo

375 4182 567 4270 pervenies?
620 4180 709 4245 Hinc
746 4180 887 4265 migrare
922 4201 1090 4246 necessum
1125 4187 1197 4260 est;
1236 4204 1301 4267 quo
1339 4185 1426 4249 ibic?

377 4285 451 4366 Qua
484 4284 537 4347 die
570 4283 665 4348 nobis
702 4281 820 4346 attulit
851 4282 957 4346 vitam
997 4282 1158 4360 Christus,
1196 4284 1310 4348 christi
1343 4286 1425 4370 Ejus

375 4388 480 4451 vitam
495 4384 736 4471 praecidendam
753 4382 999 4470 pronuntiabas.
1039 4385 1237 4450 Incredibile
1259 4386 1321 4453 hoc
1336 4396 1425 4454 retu-

323 4510 327 4518 ’
374 4490 460 4568 1616;
493 4509 560 4554 non
590 4487 708 4563 ored03
743 4486 883 4552 Domine
918 4488 1017 4565 Deus,
1042 4489 1116 4574 quis
1147 4490 1258 4554 credet
1295 4492 1427 4557 auditui

374 4598 496 4657 nostro.
572 4591 694 4655 Dicent
742 4591 782 4654 do
830 4595 863 4655 16
901 4591 1090 4677 quicunque
1135 4591 1207 4658 1166
1254 4593 1427 4680 accipient,

375 4692 496 4773 “Quid
518 4692 637 4758 acuisti
660 4692 811 4778 linguam
835 4699 929 4757 tuum
954 4692 1043 4757 sicut
1065 4693 1228 4779 serpentis
1242 4694 1281 4760 ³’'
1305 4695 1342 4761 Si
1364 4695 1427 4765 boe
