3278 5662
189 825 252 871 su.
276 807 381 891 uon]
623 820 802 867 srisrons.
1192 808 1234 866 ts

187 1011 328 1076 beurhm
351 1033 393 1074 ex
417 1009 618 1095 professione
640 1010 797 1074 astrictus
820 1015 880 1086 est,
904 1010 990 1095 regis
1024 1010 1076 1072 sui
1100 1009 1235 1081 viribus,

187 1113 305 1197 ‹puaerit
336 1117 491 1188 evertere,
513 1111 659 1198 glorians
689 1110 777 1196 quod
800 1110 990 1176 cathedram
1021 1111 1237 1196 archiepisco·

187 1214 295 1298 palem
329 1211 560 1279 Lendonism¹
591 1211 765 1278 transferri
797 1212 904 1278 faciet
964 1211 1173 1277 Restiterunt
1207 1211 1238 1275 oi

188 1337 294 1401 nuper
315 1315 358 1379 in
403 1314 518 1380 faciem
560 1314 774 1380 laudabiliter
812 1314 933 1378 tratres
967 1315 1028 1391 sui,
1059 1336 1140 1398 ques
1180 1336 1238 1398 per

187 1414 339 1481 officiales
370 1417 458 1502 regis
490 1415 701 1501 impudenter
723 1415 863 1501 urgebat
885 1419 924 1479 ut
954 1414 983 1479 ei
1018 1416 1237 1480 eommunice-

187 1523 271 1595 1ent,
301 1524 337 1583 et
358 1516 604 1603 archiepiscopo
626 1538 686 1582 suo
718 1516 865 1581 debitam
898 1516 1132 1581 subtraherent
1162 1516 1237 1581 obe-

186 1619 357 1684 dientiam.
402 1619 524 1684 Nonne
550 1617 749 1683 manifestus
781 1617 983 1683 Antichristi
1014 1619 1238 1704 praesmbulus

187 1728 246 1795 est,
261 1721 319 1806 qui
343 1727 413 1785 tem
430 1725 583 1806 patenter
597 1718 746 1785 scindere
768 1719 890 1782 nititur
905 1719 1070 1785 unitatem
1086 1719 1239 1797 ecclesiae,

187 1822 329 1887 seminet
351 1821 440 1886 iuter
470 1822 589 1887 fintres
624 1819 830 1895 discordiam,
853 1820 1009 1886 scendnle
1030 1821 1239 1907 multiplicet,

187 1923 354 1990 eeclesiam
388 1929 529 2010 torquet,
553 1929 588 1989 et
622 1932 842 2008 tyrannorum
876 1922 1030 1987 menibus
1063 1923 1239 2008 proscribit

187 2031 221 2090 ct
243 2025 402 2091 interficit
425 2026 639 2092 innocentes?
671 2024 708 2090 Si
719 2022 739 2096 ²,
754 2023 867 2088 unitas
890 2025 931 2088 de
955 2024 1118 2090 catholice
1141 2025 1239 2092 tolle·

187 2135 243 2191 tur
266 2127 408 2205 ecclesia,
431 2128 512 2214 quis¹
528 2134 589 2193 sut
611 2127 692 2213 quid
716 2124 868 2211 prohibet-
889 2125 1029 2191 haereses
1052 2127 1239 2212 pullularet

188 2229 271 2308 Quis
293 2231 358 2295 erit
380 2231 504 2296 uniteti
528 2230 626 2308 locus,
650 2231 679 2293 si
703 2250 771 2293 non
788 2229 894 2293 virtus
916 2228 1113 2294 obedientiae
1136 2251 1237 2294 mem-

187 2330 246 2395 bra
272 2329 398 2396 Christi
429 2331 645 2417 conglutinet,
668 2337 703 2395 et
737 2331 856 2396 cantes
886 2328 1126 2395 adulterutrum
1160 2353 1236 2397 con-

186 2431 307 2496 solidet
328 2431 365 2495 in
388 2431 453 2496 fide
476 2437 511 2497 et
534 2432 700 2497 veritate?
742 2432 840 2518 Ergo
863 2436 957 2517 peter
980 2432 1114 2517 optime,
1137 2431 1238 2517 quie³

186 2532 441 2618 comprehensus
472 2538 525 2599 est
558 2535 594 2597 in
632 2533 786 2618 operibus
824 2554 984 2598 manuum
1022 2555 1165 2612 suerum,
1205 2540 1239 2598 et

187 2635 327 2699 toxicati
351 2634 487 2712 fructus,
502 2656 584 2720 quos
606 2634 688 2700 facit
710 2633 809 2699 arbor
831 2633 957 2710 infelix,
982 2634 1123 2700 securim
1147 2634 1238 2700 Petri
1258 2650 1261 2655 ·

187 2741 377 2819 provocant,
390 2736 477 2801 hanc
499 2737 538 2811 ei,
561 2735 590 2799 si
613 2734 730 2820 placet,
753 2735 1010 2800 misericordiam
1041 2735 1184 2813 fecistis,
1199 2743 1239 2801 ut

187 2840 331 2903 contrite
341 2838 474 2903 melitis
495 2839 576 2924 ejus,
591 2844 627 2904 et
649 2839 794 2925 episcopi
811 2837 941 2904 deleto⁴
958 2839 1068 2915 titulo,
1080 2842 1236 2926 quonism

188 2939 302 3006 bestiae
325 2940 548 3006 characterem
559 2945 681 3026 portet,
697 2940 739 3005 de
762 2946 882 3006 caetero
905 2962 1020 3006 nocere
1044 2963 1112 3007 non
1127 2943 1239 3027 possit,

187 3043 244 3106 sed
267 3041 474 3118 monachum,
497 3063 597 3127 quem
621 3046 712 3107 veste
736 3041 904 3127 pollicitus
927 3046 987 3117 est,
1010 3048 1147 3128 cogetur
1170 3066 1238 3109 mo·

187 3144 277 3208 ribus
301 3143 467 3209 exhibere.
507 3142 597 3208 Setis
620 3150 655 3208 et
677 3143 767 3208 ultra
789 3143 951 3208 sustinuit
974 3144 1128 3209 dominus
1152 3145 1239 3211 Oen·

188 3246 373 3319 turriensis,
427 3244 480 3311 cui
517 3244 583 3308 nisi
626 3244 663 3308 in
699 3244 835 3309 brechio
873 3245 1012 3310 virtutis
1049 3247 1239 3331 apostolicus

186 3369 298 3433 pacem
322 3356 357 3412 et
390 3347 602 3412 securitatem
636 3347 806 3412 reformari
840 3346 997 3425 feceritis,
1020 3355 1055 3413 et
1084 3349 1239 3414 satisfieri

187 3450 226 3514 dc
248 3449 380 3526 ablutis,
403 3449 590 3514 timendum
613 3455 729 3514 estne
760 3449 898 3516 ecclesie
926 3450 1094 3534 jacturam
1117 3452 1239 3537 irreps-

186 3551 324 3617 rabilcm
357 3551 424 3616 cito
455 3550 640 3627 contrahet,
674 3556 710 3616 et
743 3558 814 3616 tem
847 3573 993 3638 presens
1026 3559 1107 3618 aetns
1139 3575 1239 3639 quam

187 3653 363 3740 posteritas
394 3653 438 3718 ed
470 3653 641 3720 eeclesiam
674 3654 907 3720 conterendum
942 3655 1127 3741 pernicioso
1165 3676 1238 3740 pro-

188 3763 324 3823 vocetur
345 3760 381 3821 et
394 3754 563 3820 animetur
586 3755 748 3841 exemplo.
787 3755 908 3822 Valeat
922 3760 958 3821 et
974 3757 1088 3843 vigent
1110 3778 1239 3842 semper

186 3858 347 3925 sensuras
368 3862 490 3922 vestre
