3278 5662
378 822 441 888 294
809 840 988 889 sorssors.
1233 824 1314 909 [au.
1332 827 1427 894 1170.

376 1033 492 1094 contra
520 1027 687 1113 justitiam
722 1029 771 1093 ita
801 1033 835 1093 et
861 1034 977 1093 contra
999 1027 1137 1092 formam
1170 1049 1266 1112 quarn
1301 1048 1431 1111 expres·

377 1131 476 1206 sistis,
497 1129 668 1195 absolutus
683 1135 741 1207 est,
758 1129 900 1196 ecclesiae
915 1151 1028 1216 pacem
1051 1133 1086 1195 ct
1101 1135 1249 1194 nostram
1274 1128 1413 1214 impedit
1426 1150 1433 1204 ;

378 1238 412 1297 et
446 1232 569 1318 praevio
601 1231 798 1297 Eboracensi
829 1231 1083 1318 archiepiscopo,
1115 1239 1149 1297 et
1181 1227 1431 1296 assistentibrs¹

379 1333 442 1397 sibi
464 1334 589 1399 clericis
612 1333 698 1420 regis
731 1354 812 1418 quos
839 1334 1015 1419 benignius
1038 1333 1180 1420 recipere
1206 1340 1240 1399 et
1272 1331 1433 1398 efficacius

378 1436 594 1501 consuevistis
617 1435 741 1510 audire,
764 1435 901 1499 molitur
923 1441 1038 1502 contra
1073 1437 1306 1522 professionem
1338 1457 1432 1500 suam

378 1543 426 1615 ut,
450 1544 603 1603 coronato
626 1544 741 1603 contra
755 1537 863 1601 Deum
887 1559 946 1622 per
968 1559 1101 1602 manum
1120 1538 1191 1623 jam
1215 1538 1295 1603 dicti
1312 1538 1434 1602 Ebora-

378 1641 484 1706 censis
507 1639 574 1704 filio
590 1641 683 1726 regie,
701 1639 949 1705 Cantuarieusis
971 1640 1104 1705 ecclesia
1126 1662 1297 1726 nunquam
1312 1639 1434 1704 habeat

212 1750 349 1827 Theeoro
379 1765 499 1827 pacem.
546 1741 770 1806 Inhibueratis
794 1741 924 1826 quidem
950 1764 992 1806 ue
1015 1743 1130 1823 fieret;
1154 1744 1210 1808 sed
1242 1743 1290 1807 illi
1313 1767 1331 1807 e
1357 1764 1433 1808 con-

214 1824 309 1866 ustrou.

380 1844 483 1910 trario
516 1843 700 1930 gloriantur
734 1865 767 1908 se
802 1843 983 1908 obtinuisse
1016 1865 1037 1908 a
1068 1845 1160 1909 vobis
1193 1850 1232 1910 ut
1264 1845 1332 1922 fiat,
1363 1844 1433 1907 sivo

379 1967 480 2012 mauu
505 1945 717 2010 Eborueensis
749 1944 994 2030 archiepiscopi,
1016 1946 1086 2010 sive
1109 1947 1342 2031 cujuscumque
1366 1946 1432 2031 epi·

213 2054 268 2105 The
276 2055 367 2119 bichop
379 2048 468 2133 scopi
491 2047 673 2112 ministerio
697 2069 754 2112 rex
780 2047 930 2111 voluerit.
976 2047 1021 2112 Et
1044 2049 1123 2132 quia
1155 2048 1215 2113 hoc
1247 2048 1433 2113 detrectant

213 2123 245 2170 os
253 2120 324 2172 Stes.

381 2149 525 2234 episcopi
548 2149 725 2232 provinciae
752 2156 881 2222 nostris,
905 2148 1072 2232 Sagiensis
1096 2149 1274 2235 episcopus,
1297 2150 1433 2236 signifer

380 2273 491 2316 corum
515 2251 571 2335 qui
589 2250 696 2314 Deum
719 2271 785 2314 non
802 2255 968 2326 verentur,
992 2273 1026 2314 se
1042 2250 1112 2328 hoc,
1135 2251 1163 2316 si
1178 2252 1236 2317 alii
1260 2251 1432 2327 defuerint,

379 2353 420 2418 de
443 2352 598 2416 familiari
632 2352 790 2417 mandato
824 2358 931 2416 vestro
962 2351 1124 2437 gloriatur
1157 2376 1226 2418 esse
1259 2355 1431 2419 facturum.

379 2455 456 2521 Jam
487 2476 529 2518 ex
552 2452 613 2518 hac
647 2474 745 2519 causa
778 2453 1013 2520 transfretavit.
1062 2455 1174 2540 Spinis
1206 2457 1321 2541 sepiat,
1353 2477 1434 2541 quc·

379 2559 467 2623 niam
499 2556 633 2622 aliunde
667 2577 733 2621 non
766 2562 817 2620 cst
849 2555 1021 2632 auxilium,
1054 2556 1216 2622 Dominus
1250 2559 1322 2623 vias
1353 2557 1431 2642 ejus.

381 2661 508 2726 Cretera
542 2658 712 2743 posuimus
747 2657 782 2720 in
806 2680 860 2722 ore
893 2657 1007 2722 latoris
1042 2659 1265 2744 praesentium,
1297 2661 1333 2723 in
1366 2681 1431 2744 quo

380 2763 482 2840 vobis,
507 2767 632 2847 quanta
663 2781 836 2846 possumus
870 2760 1050 2836 affectione,
1074 2761 1297 2846 supplicamus
1331 2767 1369 2826 ut
1397 2761 1432 2825 in

380 2865 521 2952 negotiis
544 2862 665 2927 nostris
691 2861 721 2926 ei
755 2861 854 2926 fidem
888 2860 1049 2936 habeatis,
1074 2868 1107 2926 et
1140 2862 1318 2948 petitiones
1351 2884 1432 2948 quas

379 2973 498 3033 vestre
521 2964 691 3030 sanctitati
724 2985 782 3049 per
804 2984 880 3027 eum
902 2963 1077 3041 mittimus,
1098 2965 1243 3042 celerius,
1276 2967 1431 3050 quoniam

378 3071 413 3135 id
437 3069 577 3134 ecclesiae
593 3068 767 3132 necessitas
783 3072 817 3130 et
832 3072 944 3130 nostra
960 3065 1115 3151 postulat,
1133 3067 1280 3152 jubeatis
1301 3068 1432 3132 effectui

378 3172 566 3257 mancipari.
616 3169 799 3254 [Quicquid
843 3175 956 3234 autem
994 3175 1105 3256 agant,
1154 3170 1267 3235 sciatis
1305 3169 1431 3256 quod]²

378 3296 484 3359 neque
519 3295 605 3337 mors
628 3293 735 3355 neque
759 3271 839 3347 vita,
863 3293 922 3335 nec
946 3272 1122 3355 praesentia
1144 3293 1204 3337 nce
1227 3273 1349 3350 futura,
1374 3295 1432 3357 per

378 3377 519 3462 gratiam
544 3374 616 3450 Dei,
640 3373 845 3458 separabunt
869 3369 929 3437 uos
951 3395 971 3437 a
994 3373 1139 3450 caritate,
1175 3373 1370 3450 obedientia,
1398 3382 1433 3438 et

378 3478 533 3562 obsequio
549 3483 679 3555 vestro;
702 3476 782 3560 quia
798 3475 1026 3540 indubitanter
1048 3475 1167 3541 scimus
1191 3475 1278 3559 quod
1294 3476 1431 3561 spiritus

378 3586 487 3644 vester
510 3601 576 3643 non
600 3579 775 3663 requiescit
799 3578 834 3641 in
857 3578 904 3643 cis
927 3578 993 3662 qui,
1009 3578 1052 3642 ab
1070 3577 1256 3663 acceptione
1279 3599 1431 3663 persona-

378 3705 452 3747 rum
475 3688 510 3748 et
532 3704 716 3759 munerum,
740 3681 852 3746 favore
879 3703 939 3745 suo
962 3681 1214 3767 patrocinantur
1235 3681 1375 3766 injuriis,
1399 3688 1431 3746 et

378 3791 508 3870 ponunt
530 3805 604 3857 cunr
628 3783 739 3870 impiis
762 3783 967 3869 portionem3
988 3782 1182 3870 sacrilegum
1215 3783 1375 3860 videntes,
1399 3790 1433 3848 et

377 3890 545 3951 currentes
584 3907 658 3950 cum
697 3906 742 3949 eo.
792 3885 922 3949 Nomen
960 3890 1107 3949 vestrum
1138 3886 1185 3949 sit
1223 3885 1431 3951 benedictum

377 3988 414 4052 in
437 3986 576 4067 saecula3
599 3992 633 4051 et
657 3985 833 4062 ecclesiam,
849 4007 908 4071 pro
932 3997 998 4070 qu'a
1012 3984 1095 4050 n0s³
1117 3987 1283 4072 oportebit
1297 3988 1432 4053 reddere

376 4091 547 4168 rationem,
570 4090 708 4156 celerius
731 4096 764 4153 et
787 4088 947 4155 efficacius
970 4088 1164 4155 consoletur.

379 4246 639 4254 ——u-
828 4243 899 4250 —.

962 4317 973 4349 ²
994 4316 1122 4381 Quicquid
1142 4322 1222 4367 rudem
1239 4319 1432 4381 apostematis

928 4396 994 4460 qaod
1005 4395 1093 4447 before
1104 4413 1192 4461 aeque,
1204 4395 1236 4446 G.

962 4475 973 4508 ³
991 4475 1091 4538 nouit,
1103 4475 1142 4536 0,
1160 4492 1212 4538 vot,
1226 4477 1254 4527 [a

411 4357 418 4390 ¹
436 4355 633 4419 consistentibus,
660 4357 703 4415 A;
737 4354 878 4405 assistenti·

375 4433 430 4499 bus,
442 4434 471 4501 Z,
482 4439 512 4488 L.

730 4706 1055 4721 -q—-t--n—-t--w
