<?xml version="1.0" encoding="UTF-8"?>
<!DOCTYPE html PUBLIC "-//W3C//DTD XHTML 1.0 Transitional//EN"
    "http://www.w3.org/TR/xhtml1/DTD/xhtml1-transitional.dtd">
<html xmlns="http://www.w3.org/1999/xhtml" xml:lang="en" lang="en">
 <head>
  <title>
</title>
<meta http-equiv="Content-Type" content="text/html;charset=utf-8" />
  <meta name='ocr-system' content='tesseract 3.04.00' />
  <meta name='ocr-capabilities' content='ocr_page ocr_carea ocr_par ocr_line ocrx_word'/>
</head>
<body>
  <div class='ocr_page' id='page_1' title='image "./materialsforhis00robegoog/materialsforhis00robegoog_0511.png"; bbox 0 0 3278 5662; ppageno 0'>
   <div class='ocr_carea' id='block_1_1' title="bbox 374 793 1438 878">
    <p class='ocr_par' dir='ltr' id='par_1_1' title="bbox 374 793 1438 878">
     <span class='ocr_line' id='line_1_1' title="bbox 374 793 1438 878; baseline 0.001 -19"><span class='ocrx_word' id='word_1_1' title='bbox 374 798 439 860; x_wconf 80' lang='lat'><strong>488</strong></span> <span class='ocrx_word' id='word_1_2' title='bbox 813 808 996 858; x_wconf 77' lang='lat' dir='ltr'><strong>nrrsrocn.</strong></span> <span class='ocrx_word' id='word_1_3' title='bbox 1239 794 1318 878; x_wconf 74' lang='lat' dir='ltr'><strong>[an.</strong></span> <span class='ocrx_word' id='word_1_4' title='bbox 1336 793 1438 862; x_wconf 87' lang='grc'><strong>1171.</strong></span> 
     </span>
    </p>
   </div>
   <div class='ocr_carea' id='block_1_2' title="bbox 374 995 1440 2402">
    <p class='ocr_par' dir='ltr' id='par_1_2' title="bbox 374 995 1440 2402">
     <span class='ocr_line' id='line_1_2' title="bbox 375 995 1440 1081; baseline 0.001 -23"><span class='ocrx_word' id='word_1_5' title='bbox 375 996 465 1059; x_wconf 85' lang='lat' dir='ltr'><strong>Num</strong></span> <span class='ocrx_word' id='word_1_6' title='bbox 491 997 594 1081; x_wconf 85' lang='lat' dir='ltr'><strong>igitur</strong></span> <span class='ocrx_word' id='word_1_7' title='bbox 617 996 774 1060; x_wconf 87' lang='lat' dir='ltr'><strong>immunis</strong></span> <span class='ocrx_word' id='word_1_8' title='bbox 798 1002 848 1061; x_wconf 88' lang='lat' dir='ltr'><strong>est</strong></span> <span class='ocrx_word' id='word_1_9' title='bbox 882 1017 903 1060; x_wconf 97' lang='lat' dir='ltr'><strong>a</strong></span> <span class='ocrx_word' id='word_1_10' title='bbox 934 996 1053 1061; x_wconf 81' lang='lat' dir='ltr'><strong>scelere</strong></span> <span class='ocrx_word' id='word_1_11' title='bbox 1087 995 1166 1079; x_wconf 89' lang='lat' dir='ltr'><strong>qnia</strong></span> <span class='ocrx_word' id='word_1_12' title='bbox 1197 1015 1333 1059; x_wconf 91' lang='lat' dir='ltr'><strong>manum</strong></span> <span class='ocrx_word' id='word_1_13' title='bbox 1368 1016 1440 1059; x_wconf 93' lang='lat' dir='ltr'><strong>non</strong></span> 
     </span>
     <span class='ocr_line' id='line_1_3' title="bbox 374 1097 1439 1184; baseline -0.001 -22"><span class='ocrx_word' id='word_1_14' title='bbox 374 1100 552 1184; x_wconf 76' lang='lat' dir='ltr'><strong>apposuit?</strong></span> <span class='ocrx_word' id='word_1_15' title='bbox 598 1099 620 1163; x_wconf 87' lang='lat' dir='ltr'>J</span> <span class='ocrx_word' id='word_1_16' title='bbox 623 1099 710 1162; x_wconf 84' lang='lat' dir='ltr'><strong>udaei</strong></span> <span class='ocrx_word' id='word_1_17' title='bbox 733 1099 865 1183; x_wconf 90' lang='lat' dir='ltr'><strong>linguis,</strong></span> <span class='ocrx_word' id='word_1_18' title='bbox 889 1098 995 1162; x_wconf 88' lang='lat' dir='ltr'><strong>Judas</strong></span> <span class='ocrx_word' id='word_1_19' title='bbox 1026 1097 1216 1172; x_wconf 72' lang='lat' dir='ltr'><strong>traditione,</strong></span> <span class='ocrx_word' id='word_1_20' title='bbox 1242 1097 1374 1162; x_wconf 75' lang='lat' dir='ltr'><strong>Pilatus</strong></span> <span class='ocrx_word' id='word_1_21' title='bbox 1401 1102 1439 1161; x_wconf 90' lang='lat' dir='ltr'><strong>et</strong></span> 
     </span>
     <span class='ocr_line' id='line_1_4' title="bbox 376 1201 1439 1288; baseline 0.001 -23"><span class='ocrx_word' id='word_1_22' title='bbox 376 1201 524 1267; x_wconf 84' lang='lat' dir='ltr'><strong>Herodes</strong></span> <span class='ocrx_word' id='word_1_23' title='bbox 559 1225 730 1280; x_wconf 87' lang='lat' dir='ltr'><strong>consensu,</strong></span> <span class='ocrx_word' id='word_1_24' title='bbox 752 1202 868 1268; x_wconf 82' lang='lat' dir='ltr'><strong>scribae</strong></span> <span class='ocrx_word' id='word_1_25' title='bbox 891 1210 926 1267; x_wconf 94' lang='lat' dir='ltr'><strong>et</strong></span> <span class='ocrx_word' id='word_1_26' title='bbox 959 1201 1115 1288; x_wconf 73' lang='lat' dir='ltr'><strong>pharisaei</strong></span> <span class='ocrx_word' id='word_1_27' title='bbox 1149 1202 1288 1280; x_wconf 90' lang='lat' dir='ltr'><strong>invidia,</strong></span> <span class='ocrx_word' id='word_1_28' title='bbox 1310 1201 1439 1266; x_wconf 78' lang='lat' dir='ltr'><strong>milites</strong></span> 
     </span>
     <span class='ocr_line' id='line_1_5' title="bbox 375 1303 1439 1384; baseline -0.002 -14"><span class='ocrx_word' id='word_1_29' title='bbox 375 1304 488 1382; x_wconf 87' lang='lat' dir='ltr'><strong>officio,</strong></span> <span class='ocrx_word' id='word_1_30' title='bbox 523 1303 694 1370; x_wconf 82' lang='lat' dir='ltr'><strong>Christum</strong></span> <span class='ocrx_word' id='word_1_31' title='bbox 728 1304 925 1371; x_wconf 85' lang='lat' dir='ltr'><strong>occiderunt</strong></span> <span class='ocrx_word' id='word_1_32' title='bbox 988 1304 1054 1384; x_wconf 83' lang='lat' dir='ltr'><strong>Qui</strong></span> <span class='ocrx_word' id='word_1_33' title='bbox 1087 1325 1202 1369; x_wconf 89' lang='lat' dir='ltr'><strong>eorum</strong></span> <span class='ocrx_word' id='word_1_34' title='bbox 1230 1304 1439 1370; x_wconf 69' lang='lat' dir='ltr'><strong>deteriores?</strong></span> 
     </span>
     <span class='ocr_line' id='line_1_6' title="bbox 376 1405 1440 1491; baseline 0 -20"><span class='ocrx_word' id='word_1_35' title='bbox 376 1406 525 1472; x_wconf 82' lang='lat' dir='ltr'><strong>Profecto</strong></span> <span class='ocrx_word' id='word_1_36' title='bbox 549 1408 619 1491; x_wconf 90' lang='lat' dir='ltr'><strong>qui,</strong></span> <span class='ocrx_word' id='word_1_37' title='bbox 652 1406 784 1471; x_wconf 91' lang='lat' dir='ltr'><strong>invidia</strong></span> <span class='ocrx_word' id='word_1_38' title='bbox 808 1410 843 1471; x_wconf 90' lang='lat' dir='ltr'><strong>et</strong></span> <span class='ocrx_word' id='word_1_39' title='bbox 865 1406 941 1472; x_wconf 92' lang='lat' dir='ltr'><strong>odio</strong></span> <span class='ocrx_word' id='word_1_40' title='bbox 965 1405 1141 1482; x_wconf 87' lang='lat' dir='ltr'><strong>stimulati,</strong></span> <span class='ocrx_word' id='word_1_41' title='bbox 1158 1405 1266 1491; x_wconf 87' lang='lat' dir='ltr'><strong>judici</strong></span> <span class='ocrx_word' id='word_1_42' title='bbox 1289 1405 1440 1471; x_wconf 88' lang='lat' dir='ltr'><strong>tradide-</strong></span> 
     </span>
     <span class='ocr_line' id='line_1_7' title="bbox 375 1506 1439 1592; baseline -0.002 -20"><span class='ocrx_word' id='word_1_43' title='bbox 375 1514 463 1573; x_wconf 92' lang='lat' dir='ltr'><strong>runt.</strong></span> <span class='ocrx_word' id='word_1_44' title='bbox 510 1507 635 1572; x_wconf 86' lang='lat' dir='ltr'><strong>Servus</strong></span> <span class='ocrx_word' id='word_1_45' title='bbox 669 1513 802 1573; x_wconf 87' lang='lat' dir='ltr'><strong>secutus</strong></span> <span class='ocrx_word' id='word_1_46' title='bbox 834 1506 1026 1584; x_wconf 89' lang='lat' dir='ltr'><strong>Dominum,</strong></span> <span class='ocrx_word' id='word_1_47' title='bbox 1058 1506 1153 1572; x_wconf 88' lang='lat' dir='ltr'><strong>miles</strong></span> <span class='ocrx_word' id='word_1_48' title='bbox 1188 1507 1439 1592; x_wconf 79' lang='lat' dir='ltr'><strong>Imperatorem,</strong></span> 
     </span>
     <span class='ocr_line' id='line_1_8' title="bbox 377 1608 1439 1693; baseline -0.001 -20"><span class='ocrx_word' id='word_1_49' title='bbox 377 1609 467 1673; x_wconf 88' lang='lat' dir='ltr'><strong>filius</strong></span> <span class='ocrx_word' id='word_1_50' title='bbox 491 1610 634 1685; x_wconf 88' lang='lat' dir='ltr'><strong>Patrem,</strong></span> <span class='ocrx_word' id='word_1_51' title='bbox 666 1608 803 1674; x_wconf 84' lang='lat' dir='ltr'><strong>affectus</strong></span> <span class='ocrx_word' id='word_1_52' title='bbox 836 1608 979 1692; x_wconf 86' lang='lat' dir='ltr'><strong>injuriis,</strong></span> <span class='ocrx_word' id='word_1_53' title='bbox 1002 1608 1145 1674; x_wconf 88' lang='lat' dir='ltr'><strong>afflictus</strong></span> <span class='ocrx_word' id='word_1_54' title='bbox 1179 1608 1366 1693; x_wconf 78' lang='lat' dir='ltr'><strong>opprobriis</strong></span> <span class='ocrx_word' id='word_1_55' title='bbox 1401 1613 1439 1672; x_wconf 90' lang='lat' dir='ltr'><strong>et</strong></span> 
     </span>
     <span class='ocr_line' id='line_1_9' title="bbox 377 1708 1438 1793; baseline -0.003 -18"><span class='ocrx_word' id='word_1_56' title='bbox 377 1709 586 1776; x_wconf 90' lang='lat' dir='ltr'><strong>contumeliis</strong></span> <span class='ocrx_word' id='word_1_57' title='bbox 609 1730 629 1773; x_wconf 90' lang='lat' dir='ltr'><strong>a</strong></span> <span class='ocrx_word' id='word_1_58' title='bbox 652 1710 728 1785; x_wconf 86' lang='lat' dir='ltr'><strong>suis,</strong></span> <span class='ocrx_word' id='word_1_59' title='bbox 745 1731 813 1773; x_wconf 93' lang='lat' dir='ltr'><strong>non</strong></span> <span class='ocrx_word' id='word_1_60' title='bbox 837 1709 956 1773; x_wconf 85' lang='lat' dir='ltr'><strong>ovibus</strong></span> <span class='ocrx_word' id='word_1_61' title='bbox 979 1709 1036 1774; x_wconf 88' lang='lat' dir='ltr'><strong>sed</strong></span> <span class='ocrx_word' id='word_1_62' title='bbox 1060 1709 1156 1793; x_wconf 86' lang='lat' dir='ltr'><strong>lupis,</strong></span> <span class='ocrx_word' id='word_1_63' title='bbox 1179 1715 1360 1784; x_wconf 88' lang='lat' dir='ltr'><strong>aecusatus,</strong></span> <span class='ocrx_word' id='word_1_64' title='bbox 1384 1708 1438 1772; x_wconf 91' lang='lat' dir='ltr'><strong>in·</strong></span> 
     </span>
     <span class='ocr_line' id='line_1_10' title="bbox 378 1810 1438 1897; baseline 0.001 -22"><span class='ocrx_word' id='word_1_65' title='bbox 378 1812 470 1875; x_wconf 86' lang='lat' dir='ltr'><strong>vidia</strong></span> <span class='ocrx_word' id='word_1_66' title='bbox 493 1818 527 1874; x_wconf 90' lang='lat' dir='ltr'><strong>et</strong></span> <span class='ocrx_word' id='word_1_67' title='bbox 561 1811 636 1875; x_wconf 92' lang='lat' dir='ltr'><strong>odio</strong></span> <span class='ocrx_word' id='word_1_68' title='bbox 671 1816 799 1896; x_wconf 85' lang='lat' dir='ltr'><strong>agente,</strong></span> <span class='ocrx_word' id='word_1_69' title='bbox 824 1811 964 1897; x_wconf 88' lang='lat' dir='ltr'><strong>insignis</strong></span> <span class='ocrx_word' id='word_1_70' title='bbox 999 1816 1033 1874; x_wconf 89' lang='lat' dir='ltr'><strong>et</strong></span> <span class='ocrx_word' id='word_1_71' title='bbox 1068 1810 1262 1895; x_wconf 81' lang='lat' dir='ltr'><strong>praeelectus</strong></span> <span class='ocrx_word' id='word_1_72' title='bbox 1293 1810 1438 1876; x_wconf 79' lang='lat' dir='ltr'><strong>Thomas</strong></span> 
     </span>
     <span class='ocr_line' id='line_1_11' title="bbox 378 1911 1438 1997; baseline -0.002 -20"><span class='ocrx_word' id='word_1_73' title='bbox 378 1911 640 1996; x_wconf 80' lang='lat' dir='ltr'><strong>archiepiscopus</strong></span> <span class='ocrx_word' id='word_1_74' title='bbox 662 1932 722 1997; x_wconf 89' lang='lat' dir='ltr'><strong>pro</strong></span> <span class='ocrx_word' id='word_1_75' title='bbox 739 1912 877 1997; x_wconf 86' lang='lat' dir='ltr'><strong>justitia</strong></span> <span class='ocrx_word' id='word_1_76' title='bbox 891 1918 1019 1996; x_wconf 85' lang='lat' dir='ltr'><strong>martyr</strong></span> <span class='ocrx_word' id='word_1_77' title='bbox 1035 1912 1217 1990; x_wconf 82' lang='lat' dir='ltr'><strong>occubuit3</strong></span> <span class='ocrx_word' id='word_1_78' title='bbox 1238 1933 1305 1976; x_wconf 92' lang='lat' dir='ltr'><strong>non</strong></span> <span class='ocrx_word' id='word_1_79' title='bbox 1328 1911 1438 1977; x_wconf 85' lang='lat' dir='ltr'><strong>minas</strong></span> 
     </span>
     <span class='ocr_line' id='line_1_12' title="bbox 374 2014 1438 2100; baseline 0.004 -23"><span class='ocrx_word' id='word_1_80' title='bbox 374 2014 526 2099; x_wconf 90' lang='lat' dir='ltr'><strong>judicum</strong></span> <span class='ocrx_word' id='word_1_81' title='bbox 557 2015 679 2091; x_wconf 91' lang='lat' dir='ltr'><strong>timuit,</strong></span> <span class='ocrx_word' id='word_1_82' title='bbox 713 2016 790 2079; x_wconf 84' lang='lat' dir='ltr'><strong>exui</strong></span> <span class='ocrx_word' id='word_1_83' title='bbox 826 2015 1001 2100; x_wconf 72' lang='lat' dir='ltr'><strong>dignitate,</strong></span> <span class='ocrx_word' id='word_1_84' title='bbox 1035 2014 1169 2099; x_wconf 89' lang='lat' dir='ltr'><strong>spoliari</strong></span> <span class='ocrx_word' id='word_1_85' title='bbox 1204 2014 1341 2091; x_wconf 86' lang='lat' dir='ltr'><strong>divitiis,</strong></span> <span class='ocrx_word' id='word_1_86' title='bbox 1376 2034 1438 2100; x_wconf 86' lang='lat' dir='ltr'><strong>pro</strong></span> 
     </span>
     <span class='ocr_line' id='line_1_13' title="bbox 381 2116 1438 2201; baseline 0 -20"><span class='ocrx_word' id='word_1_87' title='bbox 381 2116 515 2181; x_wconf 85' lang='lat' dir='ltr'><strong>Christo</strong></span> <span class='ocrx_word' id='word_1_88' title='bbox 538 2117 632 2181; x_wconf 82' lang='lat' dir='ltr'><strong>dulce</strong></span> <span class='ocrx_word' id='word_1_89' title='bbox 655 2116 782 2181; x_wconf 88' lang='lat' dir='ltr'><strong>habuit.</strong></span> <span class='ocrx_word' id='word_1_90' title='bbox 830 2117 894 2181; x_wconf 91' lang='lat' dir='ltr'><strong>Pro</strong></span> <span class='ocrx_word' id='word_1_91' title='bbox 917 2136 1015 2201; x_wconf 85' lang='lat' dir='ltr'><strong>grege</strong></span> <span class='ocrx_word' id='word_1_92' title='bbox 1037 2116 1103 2179; x_wconf 86' lang='lat' dir='ltr'><strong>sibi</strong></span> <span class='ocrx_word' id='word_1_93' title='bbox 1132 2116 1304 2181; x_wconf 87' lang='lat' dir='ltr'><strong>commisso</strong></span> <span class='ocrx_word' id='word_1_94' title='bbox 1335 2124 1438 2201; x_wconf 87' lang='lat' dir='ltr'><strong>caput</strong></span> 
     </span>
     <span class='ocr_line' id='line_1_14' title="bbox 380 2216 1436 2303; baseline 0.001 -23"><span class='ocrx_word' id='word_1_95' title='bbox 380 2218 499 2303; x_wconf 85' lang='lat' dir='ltr'><strong>posuit,</strong></span> <span class='ocrx_word' id='word_1_96' title='bbox 524 2217 645 2282; x_wconf 80' lang='lat' dir='ltr'><strong>multoe</strong></span> <span class='ocrx_word' id='word_1_97' title='bbox 668 2217 858 2303; x_wconf 87' lang='lat' dir='ltr'><strong>relinquens</strong></span> <span class='ocrx_word' id='word_1_98' title='bbox 879 2216 974 2295; x_wconf 86' lang='lat' dir='ltr'><strong>filios,</strong></span> <span class='ocrx_word' id='word_1_99' title='bbox 989 2217 1154 2281; x_wconf 83' lang='lat' dir='ltr'><strong>haeredem</strong></span> <span class='ocrx_word' id='word_1_100' title='bbox 1177 2217 1318 2281; x_wconf 86' lang='lat' dir='ltr'><strong>nullum.</strong></span> <span class='ocrx_word' id='word_1_101' title='bbox 1359 2218 1436 2282; x_wconf 87' lang='lat' dir='ltr'><strong>Ser-</strong></span> 
     </span>
     <span class='ocr_line' id='line_1_15' title="bbox 381 2316 1437 2402; baseline 0.002 -21"><span class='ocrx_word' id='word_1_102' title='bbox 381 2341 443 2383; x_wconf 87' lang='lat' dir='ltr'><strong>vus</strong></span> <span class='ocrx_word' id='word_1_103' title='bbox 467 2319 501 2382; x_wconf 89' lang='lat' dir='ltr'><strong>in</strong></span> <span class='ocrx_word' id='word_1_104' title='bbox 525 2318 652 2383; x_wconf 87' lang='lat' dir='ltr'><strong>modico</strong></span> <span class='ocrx_word' id='word_1_105' title='bbox 676 2317 783 2381; x_wconf 89' lang='lat' dir='ltr'><strong>fidelis</strong></span> <span class='ocrx_word' id='word_1_106' title='bbox 806 2316 928 2402; x_wconf 86' lang='lat' dir='ltr'><strong>supra¹</strong></span> <span class='ocrx_word' id='word_1_107' title='bbox 952 2318 1040 2382; x_wconf 90' lang='lat' dir='ltr'><strong>bona</strong></span> <span class='ocrx_word' id='word_1_108' title='bbox 1072 2318 1208 2384; x_wconf 90' lang='lat' dir='ltr'><strong>Domini</strong></span> <span class='ocrx_word' id='word_1_109' title='bbox 1232 2319 1284 2382; x_wconf 90' lang='lat' dir='ltr'><strong>sui</strong></span> <span class='ocrx_word' id='word_1_110' title='bbox 1314 2320 1437 2383; x_wconf 86' lang='lat' dir='ltr'><strong>consti·</strong></span> 
     </span>
    </p>
   </div>
   <div class='ocr_carea' id='block_1_3' title="bbox 262 2418 1437 2506">
    <p class='ocr_par' dir='ltr' id='par_1_3' title="bbox 262 2418 1437 2506">
     <span class='ocr_line' id='line_1_16' title="bbox 262 2418 1437 2506; baseline 0.001 -24"><span class='ocrx_word' id='word_1_111' title='bbox 262 2478 264 2482; x_wconf 20' lang='grc'><strong>1</strong></span> <span class='ocrx_word' id='word_1_112' title='bbox 381 2420 497 2493; x_wconf 90' lang='lat' dir='ltr'><strong>tuitur‚</strong></span> <span class='ocrx_word' id='word_1_113' title='bbox 519 2441 610 2484; x_wconf 88' lang='lat' dir='ltr'><strong>nunc</strong></span> <span class='ocrx_word' id='word_1_114' title='bbox 631 2418 755 2504; x_wconf 90' lang='lat' dir='ltr'><strong>gaudet</strong></span> <span class='ocrx_word' id='word_1_115' title='bbox 778 2421 812 2483; x_wconf 92' lang='lat' dir='ltr'><strong>in</strong></span> <span class='ocrx_word' id='word_1_116' title='bbox 836 2419 933 2496; x_wconf 81' lang='lat' dir='ltr'><strong>caelis,</strong></span> <span class='ocrx_word' id='word_1_117' title='bbox 956 2420 1104 2484; x_wconf 83' lang='lat' dir='ltr'><strong>exsultat</strong></span> <span class='ocrx_word' id='word_1_118' title='bbox 1126 2441 1201 2486; x_wconf 80' lang='lat' dir='ltr'><strong>curn</strong></span> <span class='ocrx_word' id='word_1_119' title='bbox 1224 2420 1351 2506; x_wconf 86' lang='lat' dir='ltr'><strong>angelis</strong></span> <span class='ocrx_word' id='word_1_120' title='bbox 1377 2421 1437 2505; x_wconf 89' lang='lat' dir='ltr'><strong>qni</strong></span> 
     </span>
    </p>
   </div>
   <div class='ocr_carea' id='block_1_4' title="bbox 380 2519 1440 4535">
    <p class='ocr_par' dir='ltr' id='par_1_4' title="bbox 380 2519 1440 4535">
     <span class='ocr_line' id='line_1_17' title="bbox 381 2519 1440 2606; baseline 0.002 -23"><span class='ocrx_word' id='word_1_121' title='bbox 381 2542 440 2605; x_wconf 91' lang='lat' dir='ltr'><strong>pro</strong></span> <span class='ocrx_word' id='word_1_122' title='bbox 453 2519 586 2585; x_wconf 81' lang='lat' dir='ltr'><strong>Christo</strong></span> <span class='ocrx_word' id='word_1_123' title='bbox 602 2520 690 2583; x_wconf 87' lang='lat' dir='ltr'><strong>mala</strong></span> <span class='ocrx_word' id='word_1_124' title='bbox 703 2520 874 2584; x_wconf 86' lang='lat' dir='ltr'><strong>sustinuit.</strong></span> <span class='ocrx_word' id='word_1_125' title='bbox 905 2521 1121 2586; x_wconf 86' lang='lat' dir='ltr'><strong>Attestautur</strong></span> <span class='ocrx_word' id='word_1_126' title='bbox 1136 2522 1278 2586; x_wconf 84' lang='lat' dir='ltr'><strong>virtutes</strong></span> <span class='ocrx_word' id='word_1_127' title='bbox 1293 2521 1440 2606; x_wconf 90' lang='lat' dir='ltr'><strong>probant</strong></span> 
     </span>
     <span class='ocr_line' id='line_1_18' title="bbox 381 2619 1440 2707; baseline 0.002 -22"><span class='ocrx_word' id='word_1_128' title='bbox 381 2619 698 2705; x_wconf 69' lang='grc'><strong>11111111111111112</strong></span> <span class='ocrx_word' id='word_1_129' title='bbox 722 2621 757 2684; x_wconf 91' lang='lat' dir='ltr'><strong>in</strong></span> <span class='ocrx_word' id='word_1_130' title='bbox 781 2622 854 2685; x_wconf 88' lang='lat' dir='ltr'><strong>vita</strong></span> <span class='ocrx_word' id='word_1_131' title='bbox 876 2621 984 2698; x_wconf 82' lang='lat' dir='ltr'><strong>fuerit,</strong></span> <span class='ocrx_word' id='word_1_132' title='bbox 1012 2643 1111 2706; x_wconf 90' lang='lat' dir='ltr'><strong>quam</strong></span> <span class='ocrx_word' id='word_1_133' title='bbox 1136 2622 1255 2707; x_wconf 87' lang='lat' dir='ltr'><strong>dignus</strong></span> <span class='ocrx_word' id='word_1_134' title='bbox 1279 2622 1440 2698; x_wconf 84' lang='lat' dir='ltr'><strong>sacerdos,</strong></span> 
     </span>
     <span class='ocr_line' id='line_1_19' title="bbox 382 2723 1438 2809; baseline 0 -21"><span class='ocrx_word' id='word_1_135' title='bbox 382 2745 480 2808; x_wconf 83' lang='lat' dir='ltr'><strong>quarn</strong></span> <span class='ocrx_word' id='word_1_136' title='bbox 497 2724 632 2808; x_wconf 83' lang='lat' dir='ltr'><strong>dignam</strong></span> <span class='ocrx_word' id='word_1_137' title='bbox 648 2723 819 2788; x_wconf 89' lang='lat' dir='ltr'><strong>victimam</strong></span> <span class='ocrx_word' id='word_1_138' title='bbox 840 2746 873 2788; x_wconf 85' lang='lat' dir='ltr'><strong>se</strong></span> <span class='ocrx_word' id='word_1_139' title='bbox 890 2723 1022 2789; x_wconf 79' lang='lat' dir='ltr'><strong>Christo</strong></span> <span class='ocrx_word' id='word_1_140' title='bbox 1039 2745 1098 2809; x_wconf 89' lang='lat' dir='ltr'><strong>pro</strong></span> <span class='ocrx_word' id='word_1_141' title='bbox 1123 2724 1192 2787; x_wconf 88' lang='lat' dir='ltr'><strong>suis</strong></span> <span class='ocrx_word' id='word_1_142' title='bbox 1207 2724 1324 2788; x_wconf 87' lang='lat' dir='ltr'><strong>ovibus</strong></span> <span class='ocrx_word' id='word_1_143' title='bbox 1340 2724 1438 2789; x_wconf 91' lang='lat' dir='ltr'><strong>obtu-</strong></span> 
     </span>
     <span class='ocr_line' id='line_1_20' title="bbox 382 2825 1440 2891; baseline 0.001 -2"><span class='ocrx_word' id='word_1_144' title='bbox 382 2826 467 2891; x_wconf 82' lang='lat' dir='ltr'><strong>len‘t.</strong></span> <span class='ocrx_word' id='word_1_145' title='bbox 524 2825 620 2889; x_wconf 83' lang='lat' dir='ltr'><strong>Felix</strong></span> <span class='ocrx_word' id='word_1_146' title='bbox 654 2827 905 2890; x_wconf 77' lang='lat' dir='ltr'><strong>commercium!</strong></span> <span class='ocrx_word' id='word_1_147' title='bbox 935 2825 1087 2890; x_wconf 85' lang='lat' dir='ltr'><strong>miranda</strong></span> <span class='ocrx_word' id='word_1_148' title='bbox 1125 2825 1263 2890; x_wconf 86' lang='lat' dir='ltr'><strong>dextera</strong></span> <span class='ocrx_word' id='word_1_149' title='bbox 1300 2825 1440 2890; x_wconf 87' lang='lat' dir='ltr'><strong>excelsi!</strong></span> 
     </span>
     <span class='ocr_line' id='line_1_21' title="bbox 381 2927 1439 3013; baseline 0.001 -22"><span class='ocrx_word' id='word_1_150' title='bbox 381 2928 447 3007; x_wconf 77' lang='lat' dir='ltr'><strong>Qui</strong></span> <span class='ocrx_word' id='word_1_151' title='bbox 477 2928 587 3012; x_wconf 89' lang='lat' dir='ltr'><strong>ipsum</strong></span> <span class='ocrx_word' id='word_1_152' title='bbox 617 2927 709 3011; x_wconf 90' lang='lat' dir='ltr'><strong>prius</strong></span> <span class='ocrx_word' id='word_1_153' title='bbox 736 2927 1000 3002; x_wconf 80' lang='lat' dir='ltr'><strong>contemnebant,</strong></span> <span class='ocrx_word' id='word_1_154' title='bbox 1031 2949 1119 2992; x_wconf 86' lang='lat' dir='ltr'><strong>nunc</strong></span> <span class='ocrx_word' id='word_1_155' title='bbox 1148 2927 1206 2992; x_wconf 88' lang='lat' dir='ltr'><strong>fila</strong></span> <span class='ocrx_word' id='word_1_156' title='bbox 1239 2927 1341 2993; x_wconf 89' lang='lat' dir='ltr'><strong>cilicii</strong></span> <span class='ocrx_word' id='word_1_157' title='bbox 1365 2927 1439 3013; x_wconf 88' lang='lat' dir='ltr'><strong>ejus</strong></span> 
     </span>
     <span class='ocr_line' id='line_1_22' title="bbox 381 3031 1437 3116; baseline 0.002 -23"><span class='ocrx_word' id='word_1_158' title='bbox 381 3037 589 3095; x_wconf 85' lang='lat' dir='ltr'><strong>venerantur.</strong></span> <span class='ocrx_word' id='word_1_159' title='bbox 637 3031 723 3095; x_wconf 87' lang='lat' dir='ltr'><strong>Mira</strong></span> <span class='ocrx_word' id='word_1_160' title='bbox 746 3032 967 3116; x_wconf 67' lang='lat' dir='ltr'><strong>praesumptio,</strong></span> <span class='ocrx_word' id='word_1_161' title='bbox 991 3031 1101 3095; x_wconf 83' lang='lat' dir='ltr'><strong>audax</strong></span> <span class='ocrx_word' id='word_1_162' title='bbox 1125 3031 1295 3095; x_wconf 84' lang='lat' dir='ltr'><strong>temeritas</strong></span> <span class='ocrx_word' id='word_1_163' title='bbox 1310 3031 1352 3094; x_wconf 88' lang='lat' dir='ltr'><strong>ad</strong></span> <span class='ocrx_word' id='word_1_164' title='bbox 1376 3053 1437 3096; x_wconf 91' lang='lat' dir='ltr'><strong>ex-</strong></span> 
     </span>
     <span class='ocr_line' id='line_1_23' title="bbox 380 3131 1439 3216; baseline 0 -19"><span class='ocrx_word' id='word_1_165' title='bbox 380 3132 542 3197; x_wconf 86' lang='lat' dir='ltr'><strong>cusandas</strong></span> <span class='ocrx_word' id='word_1_166' title='bbox 575 3132 803 3197; x_wconf 84' lang='lat' dir='ltr'><strong>excusationes</strong></span> <span class='ocrx_word' id='word_1_167' title='bbox 841 3132 878 3195; x_wconf 92' lang='lat' dir='ltr'><strong>in</strong></span> <span class='ocrx_word' id='word_1_168' title='bbox 915 3133 1064 3216; x_wconf 87' lang='lat' dir='ltr'><strong>peccatis.</strong></span> <span class='ocrx_word' id='word_1_169' title='bbox 1126 3132 1253 3196; x_wconf 88' lang='lat' dir='ltr'><strong>Auctor</strong></span> <span class='ocrx_word' id='word_1_170' title='bbox 1297 3131 1439 3210; x_wconf 86' lang='lat' dir='ltr'><strong>sceleris,</strong></span> 
     </span>
     <span class='ocr_line' id='line_1_24' title="bbox 381 3232 1439 3309; baseline 0.002 -13"><span class='ocrx_word' id='word_1_171' title='bbox 381 3233 508 3298; x_wconf 89' lang='lat' dir='ltr'><strong>domini</strong></span> <span class='ocrx_word' id='word_1_172' title='bbox 557 3233 610 3297; x_wconf 90' lang='lat' dir='ltr'><strong>sui</strong></span> <span class='ocrx_word' id='word_1_173' title='bbox 655 3233 805 3309; x_wconf 87' lang='lat' dir='ltr'><strong>traditor,</strong></span> <span class='ocrx_word' id='word_1_174' title='bbox 851 3232 982 3296; x_wconf 91' lang='lat' dir='ltr'><strong>invenit</strong></span> <span class='ocrx_word' id='word_1_175' title='bbox 1028 3239 1222 3307; x_wconf 78' lang='lat' dir='ltr'><strong>commenta</strong></span> <span class='ocrx_word' id='word_1_176' title='bbox 1269 3232 1439 3298; x_wconf 87' lang='lat' dir='ltr'><strong>mendicat</strong></span> 
     </span>
     <span class='ocr_line' id='line_1_25' title="bbox 381 3333 1440 3419; baseline 0.003 -23"><span class='ocrx_word' id='word_1_177' title='bbox 381 3335 547 3419; x_wconf 83' lang='lat' dir='ltr'><strong>suffragia,</strong></span> <span class='ocrx_word' id='word_1_178' title='bbox 570 3356 637 3397; x_wconf 92' lang='lat' dir='ltr'><strong>non</strong></span> <span class='ocrx_word' id='word_1_179' title='bbox 661 3335 780 3419; x_wconf 86' lang='lat' dir='ltr'><strong>quibus</strong></span> <span class='ocrx_word' id='word_1_180' title='bbox 812 3333 935 3398; x_wconf 85' lang='lat' dir='ltr'><strong>crimen</strong></span> <span class='ocrx_word' id='word_1_181' title='bbox 971 3355 1030 3419; x_wconf 91' lang='lat' dir='ltr'><strong>per</strong></span> <span class='ocrx_word' id='word_1_182' title='bbox 1063 3333 1295 3419; x_wconf 75' lang='lat' dir='ltr'><strong>poenitentiam</strong></span> <span class='ocrx_word' id='word_1_183' title='bbox 1319 3333 1440 3411; x_wconf 88' lang='lat' dir='ltr'><strong>doleat,</strong></span> 
     </span>
     <span class='ocr_line' id='line_1_26' title="bbox 381 3434 1439 3519; baseline 0.003 -21"><span class='ocrx_word' id='word_1_184' title='bbox 381 3436 436 3499; x_wconf 90' lang='lat' dir='ltr'><strong>sed</strong></span> <span class='ocrx_word' id='word_1_185' title='bbox 453 3436 573 3519; x_wconf 86' lang='lat' dir='ltr'><strong>quibus</strong></span> <span class='ocrx_word' id='word_1_186' title='bbox 590 3435 751 3513; x_wconf 86' lang='lat' dir='ltr'><strong>occultet;</strong></span> <span class='ocrx_word' id='word_1_187' title='bbox 775 3440 809 3500; x_wconf 90' lang='lat' dir='ltr'><strong>et</strong></span> <span class='ocrx_word' id='word_1_188' title='bbox 832 3436 920 3519; x_wconf 88' lang='lat' dir='ltr'><strong>quod</strong></span> <span class='ocrx_word' id='word_1_189' title='bbox 937 3437 1113 3500; x_wconf 88' lang='lat' dir='ltr'><strong>universus</strong></span> <span class='ocrx_word' id='word_1_190' title='bbox 1128 3434 1271 3498; x_wconf 87' lang='lat' dir='ltr'><strong>mundus</strong></span> <span class='ocrx_word' id='word_1_191' title='bbox 1289 3436 1439 3519; x_wconf 84' lang='lat' dir='ltr'><strong>agnovit,</strong></span> 
     </span>
     <span class='ocr_line' id='line_1_27' title="bbox 382 3536 1438 3622; baseline 0.004 -23"><span class='ocrx_word' id='word_1_192' title='bbox 382 3537 583 3602; x_wconf 86' lang='lat' dir='ltr'><strong>mulierculae</strong></span> <span class='ocrx_word' id='word_1_193' title='bbox 629 3543 766 3602; x_wconf 88' lang='lat' dir='ltr'><strong>cantant</strong></span> <span class='ocrx_word' id='word_1_194' title='bbox 789 3538 824 3601; x_wconf 94' lang='lat' dir='ltr'><strong>in</strong></span> <span class='ocrx_word' id='word_1_195' title='bbox 849 3538 969 3615; x_wconf 85' lang='lat' dir='ltr'><strong>triviis,</strong></span> <span class='ocrx_word' id='word_1_196' title='bbox 992 3537 1191 3622; x_wconf 87' lang='lat' dir='ltr'><strong>quibusdam</strong></span> <span class='ocrx_word' id='word_1_197' title='bbox 1213 3536 1344 3614; x_wconf 87' lang='lat' dir='ltr'><strong>litteris,</strong></span> <span class='ocrx_word' id='word_1_198' title='bbox 1368 3558 1438 3603; x_wconf 92' lang='lat' dir='ltr'><strong>non</strong></span> 
     </span>
     <span class='ocr_line' id='line_1_28' title="bbox 381 3637 1439 3724; baseline 0.003 -23"><span class='ocrx_word' id='word_1_199' title='bbox 381 3639 568 3723; x_wconf 86' lang='lat' dir='ltr'><strong>impetratis</strong></span> <span class='ocrx_word' id='word_1_200' title='bbox 590 3638 648 3702; x_wconf 89' lang='lat' dir='ltr'><strong>sed</strong></span> <span class='ocrx_word' id='word_1_201' title='bbox 671 3639 782 3724; x_wconf 87' lang='lat' dir='ltr'><strong>potius</strong></span> <span class='ocrx_word' id='word_1_202' title='bbox 806 3640 892 3723; x_wconf 87' lang='lat' dir='ltr'><strong>regis</strong></span> <span class='ocrx_word' id='word_1_203' title='bbox 931 3639 1048 3703; x_wconf 87' lang='lat' dir='ltr'><strong>timore</strong></span> <span class='ocrx_word' id='word_1_204' title='bbox 1072 3638 1221 3714; x_wconf 84' lang='lat' dir='ltr'><strong>extortis,</strong></span> <span class='ocrx_word' id='word_1_205' title='bbox 1244 3637 1439 3704; x_wconf 91' lang='lat' dir='ltr'><strong>obnubilare</strong></span> 
     </span>
     <span class='ocr_line' id='line_1_29' title="bbox 381 3738 1439 3824; baseline 0.002 -22"><span class='ocrx_word' id='word_1_206' title='bbox 381 3739 435 3803; x_wconf 87' lang='lat' dir='ltr'><strong>vel</strong></span> <span class='ocrx_word' id='word_1_207' title='bbox 469 3738 641 3804; x_wconf 87' lang='lat' dir='ltr'><strong>annullare</strong></span> <span class='ocrx_word' id='word_1_208' title='bbox 676 3739 854 3805; x_wconf 88' lang='lat' dir='ltr'><strong>contendit.</strong></span> <span class='ocrx_word' id='word_1_209' title='bbox 903 3740 935 3803; x_wconf 91' lang='lat' dir='ltr'>N</span> <span class='ocrx_word' id='word_1_210' title='bbox 939 3740 1084 3824; x_wconf 87' lang='lat' dir='ltr'><strong>nmquid,</strong></span> <span class='ocrx_word' id='word_1_211' title='bbox 1109 3739 1219 3804; x_wconf 88' lang='lat' dir='ltr'><strong>oeulos</strong></span> <span class='ocrx_word' id='word_1_212' title='bbox 1242 3740 1353 3804; x_wconf 85' lang='lat' dir='ltr'><strong>omnia</strong></span> <span class='ocrx_word' id='word_1_213' title='bbox 1387 3740 1439 3804; x_wconf 88' lang='lat' dir='ltr'><strong>vi-</strong></span> 
     </span>
     <span class='ocr_line' id='line_1_30' title="bbox 382 3839 1432 3926; baseline 0.002 -23"><span class='ocrx_word' id='word_1_214' title='bbox 382 3840 492 3905; x_wconf 86' lang='lat' dir='ltr'><strong>dentis</strong></span> <span class='ocrx_word' id='word_1_215' title='bbox 515 3862 677 3906; x_wconf 70' lang='lat' dir='ltr'><strong>excaecare</strong></span> <span class='ocrx_word' id='word_1_216' title='bbox 709 3841 856 3925; x_wconf 68' lang='lat' dir='ltr'><strong>poterit?</strong></span> <span class='ocrx_word' id='word_1_217' title='bbox 887 3863 966 3904; x_wconf 90' lang='lat' dir='ltr'><strong>num</strong></span> <span class='ocrx_word' id='word_1_218' title='bbox 1002 3839 1111 3905; x_wconf 88' lang='lat' dir='ltr'><strong>oeulos</strong></span> <span class='ocrx_word' id='word_1_219' title='bbox 1135 3841 1256 3903; x_wconf 87' lang='lat' dir='ltr'><strong>summi</strong></span> <span class='ocrx_word' id='word_1_220' title='bbox 1279 3840 1432 3926; x_wconf 86' lang='lat' dir='ltr'><strong>pastoris,</strong></span> 
     </span>
     <span class='ocr_line' id='line_1_31' title="bbox 382 3941 1438 4028; baseline 0.001 -21"><span class='ocrx_word' id='word_1_221' title='bbox 382 3942 492 4007; x_wconf 90' lang='lat' dir='ltr'><strong>oculos</strong></span> <span class='ocrx_word' id='word_1_222' title='bbox 515 3943 630 4006; x_wconf 86' lang='lat' dir='ltr'><strong>matris</strong></span> <span class='ocrx_word' id='word_1_223' title='bbox 654 3941 806 4019; x_wconf 82' lang='lat' dir='ltr'><strong>ecclesiae,</strong></span> <span class='ocrx_word' id='word_1_224' title='bbox 829 3942 948 4028; x_wconf 90' lang='lat' dir='ltr'><strong>lippire</strong></span> <span class='ocrx_word' id='word_1_225' title='bbox 981 3942 1108 4007; x_wconf 83' lang='lat' dir='ltr'><strong>facietl</strong></span> <span class='ocrx_word' id='word_1_226' title='bbox 1143 3942 1185 4006; x_wconf 94' lang='lat' dir='ltr'><strong>In</strong></span> <span class='ocrx_word' id='word_1_227' title='bbox 1207 3942 1343 4008; x_wconf 90' lang='lat' dir='ltr'><strong>crimine</strong></span> <span class='ocrx_word' id='word_1_228' title='bbox 1366 3949 1438 4008; x_wconf 88' lang='lat' dir='ltr'><strong>tam</strong></span> 
     </span>
     <span class='ocr_line' id='line_1_32' title="bbox 383 4043 1439 4128; baseline 0.001 -20"><span class='ocrx_word' id='word_1_229' title='bbox 383 4044 558 4109; x_wconf 87' lang='lat' dir='ltr'><strong>manifesto</strong></span> <span class='ocrx_word' id='word_1_230' title='bbox 596 4043 815 4128; x_wconf 88' lang='lat' dir='ltr'><strong>periculosum</strong></span> <span class='ocrx_word' id='word_1_231' title='bbox 848 4048 883 4107; x_wconf 90' lang='lat' dir='ltr'><strong>et</strong></span> <span class='ocrx_word' id='word_1_232' title='bbox 914 4043 1108 4108; x_wconf 83' lang='lat' dir='ltr'><strong>damnosum</strong></span> <span class='ocrx_word' id='word_1_233' title='bbox 1142 4044 1273 4108; x_wconf 86' lang='lat' dir='ltr'><strong>differre</strong></span> <span class='ocrx_word' id='word_1_234' title='bbox 1305 4049 1439 4109; x_wconf 89' lang='lat' dir='ltr'><strong>sentcn-</strong></span> 
     </span>
     <span class='ocr_line' id='line_1_33' title="bbox 383 4144 1439 4230; baseline 0.002 -21"><span class='ocrx_word' id='word_1_235' title='bbox 383 4145 473 4210; x_wconf 90' lang='lat' dir='ltr'><strong>tiam.</strong></span> <span class='ocrx_word' id='word_1_236' title='bbox 536 4144 616 4208; x_wconf 90' lang='lat' dir='ltr'><strong>Fere</strong></span> <span class='ocrx_word' id='word_1_237' title='bbox 657 4165 715 4230; x_wconf 88' lang='lat' dir='ltr'><strong>per</strong></span> <span class='ocrx_word' id='word_1_238' title='bbox 752 4145 962 4228; x_wconf 85' lang='lat' dir='ltr'><strong>septennium</strong></span> <span class='ocrx_word' id='word_1_239' title='bbox 1000 4165 1060 4230; x_wconf 90' lang='lat' dir='ltr'><strong>pro</strong></span> <span class='ocrx_word' id='word_1_240' title='bbox 1102 4144 1256 4211; x_wconf 88' lang='lat' dir='ltr'><strong>libertate</strong></span> <span class='ocrx_word' id='word_1_241' title='bbox 1295 4145 1439 4211; x_wconf 83' lang='lat' dir='ltr'><strong>eeclesiae</strong></span> 
     </span>
     <span class='ocr_line' id='line_1_34' title="bbox 383 4245 1437 4332; baseline 0.001 -21"><span class='ocrx_word' id='word_1_242' title='bbox 383 4253 533 4312; x_wconf 90' lang='lat' dir='ltr'><strong>sanctum</strong></span> <span class='ocrx_word' id='word_1_243' title='bbox 579 4245 642 4309; x_wconf 91' lang='lat' dir='ltr'><strong>Dei</strong></span> <span class='ocrx_word' id='word_1_244' title='bbox 680 4246 897 4322; x_wconf 87' lang='lat' dir='ltr'><strong>exsulantem,</strong></span> <span class='ocrx_word' id='word_1_245' title='bbox 943 4267 1018 4312; x_wconf 85' lang='lat' dir='ltr'><strong>eum</strong></span> <span class='ocrx_word' id='word_1_246' title='bbox 1064 4268 1129 4332; x_wconf 92' lang='lat' dir='ltr'><strong>quo</strong></span> <span class='ocrx_word' id='word_1_247' title='bbox 1176 4252 1264 4312; x_wconf 85' lang='lat' dir='ltr'><strong>stare</strong></span> <span class='ocrx_word' id='word_1_248' title='bbox 1310 4246 1437 4325; x_wconf 89' lang='lat' dir='ltr'><strong>debuit,</strong></span> 
     </span>
     <span class='ocr_line' id='line_1_35' title="bbox 383 4347 1438 4434; baseline 0.004 -23"><span class='ocrx_word' id='word_1_249' title='bbox 383 4350 600 4413; x_wconf 87' lang='lat' dir='ltr'><strong>irreverenter</strong></span> <span class='ocrx_word' id='word_1_250' title='bbox 639 4347 857 4434; x_wconf 88' lang='lat' dir='ltr'><strong>impugnavit.</strong></span> <span class='ocrx_word' id='word_1_251' title='bbox 930 4348 1041 4433; x_wconf 87' lang='lat' dir='ltr'><strong>Ipsius</strong></span> <span class='ocrx_word' id='word_1_252' title='bbox 1079 4354 1113 4413; x_wconf 90' lang='lat' dir='ltr'><strong>et</strong></span> <span class='ocrx_word' id='word_1_253' title='bbox 1151 4349 1256 4414; x_wconf 86' lang='lat' dir='ltr'><strong>totius</strong></span> <span class='ocrx_word' id='word_1_254' title='bbox 1294 4348 1438 4415; x_wconf 73' lang='lat' dir='ltr'><strong>ecclesiae</strong></span> 
     </span>
     <span class='ocr_line' id='line_1_36' title="bbox 383 4450 1437 4535; baseline 0.002 -20"><span class='ocrx_word' id='word_1_255' title='bbox 383 4471 513 4516; x_wconf 90' lang='lat' dir='ltr'><strong>eausam</strong></span> <span class='ocrx_word' id='word_1_256' title='bbox 537 4454 689 4534; x_wconf 85' lang='lat' dir='ltr'><strong>agentem</strong></span> <span class='ocrx_word' id='word_1_257' title='bbox 713 4454 785 4514; x_wconf 92' lang='lat' dir='ltr'><strong>tum</strong></span> <span class='ocrx_word' id='word_1_258' title='bbox 820 4450 1001 4526; x_wconf 82' lang='lat' dir='ltr'><strong>manifeste,</strong></span> <span class='ocrx_word' id='word_1_259' title='bbox 1025 4451 1144 4535; x_wconf 82' lang='lat' dir='ltr'><strong>saepius</strong></span> <span class='ocrx_word' id='word_1_260' title='bbox 1168 4456 1279 4516; x_wconf 85' lang='lat' dir='ltr'><strong>autem</strong></span> <span class='ocrx_word' id='word_1_261' title='bbox 1302 4451 1437 4529; x_wconf 86' lang='lat' dir='ltr'><strong>occulto,</strong></span> 
     </span>
    </p>
   </div>
   <div class='ocr_carea' id='block_1_5' title="bbox 417 4724 1183 4795">
    <p class='ocr_par' dir='ltr' id='par_1_5' title="bbox 417 4724 1183 4795">
     <span class='ocr_line' id='line_1_37' title="bbox 417 4724 1183 4795; baseline 0.005 -21"><span class='ocrx_word' id='word_1_262' title='bbox 417 4727 425 4759; x_wconf 86' lang='lat'>¹</span> <span class='ocrx_word' id='word_1_263' title='bbox 443 4742 527 4791; x_wconf 78' lang='lat' dir='ltr'><strong>snper,</strong></span> <span class='ocrx_word' id='word_1_264' title='bbox 539 4724 594 4776; x_wconf 84' lang='lat' dir='ltr'><strong>Liv.</strong></span> <span class='ocrx_word' id='word_1_265' title='bbox 901 4727 906 4795; x_wconf 89' lang='grc' dir='ltr'>Ι</span> <span class='ocrx_word' id='word_1_266' title='bbox 968 4726 1183 4792; x_wconf 59' lang='grc' dir='ltr'><strong>’1111111111ιί1</strong></span> 
     </span>
    </p>
   </div>
   <div class='ocr_carea' id='block_1_6' title="bbox 0 0 1649 5662">
    <p class='ocr_par' dir='ltr' id='par_1_6' title="bbox 0 0 1649 5662">
     <span class='ocr_line' id='line_1_38' title="bbox 0 0 1649 5662; baseline 0 0"><span class='ocrx_word' id='word_1_267' title='bbox 0 0 1649 5662; x_wconf 95' lang='lat' dir='ltr'><strong> </strong></span> 
     </span>
    </p>
   </div>
  </div>
 </body>
</html>
