3278 5662
360 784 426 849 226
799 797 983 847 nassonia
1219 784 1299 869 [aa.
1316 783 1413 854 1170.

361 984 434 1049 dieo
457 984 545 1069 quod
561 982 656 1049 vobis
672 982 828 1068 impensae
843 980 916 1048 Deo
931 981 1163 1049 sollicitudinis
1183 1003 1251 1048 non
1272 983 1413 1050 habeam

360 1085 512 1172 gratiam,
535 1086 592 1151 sed
624 1090 664 1149 ut
693 1088 833 1170 uterque
867 1088 1018 1149 nostrum
1052 1084 1094 1150 de
1127 1090 1248 1152 cetero
1282 1087 1413 1153 cautius

360 1188 556 1274 negotietur,
590 1192 624 1252 et
655 1185 757 1251 verba
790 1185 978 1252 meminerit
1010 1207 1079 1252 esse
1102 1186 1212 1254 verba
1269 1187 1306 1254 Si
1336 1210 1414 1276 ergo

361 1289 453 1354 aliud
476 1287 657 1365 audieritis,
678 1309 721 1353 ne
743 1288 918 1354 miremini.
979 1287 1024 1354 Et
1046 1288 1125 1373 quia
1146 1289 1247 1355 fidem
1268 1295 1413 1358 vestram

361 1396 493 1457 secutus
516 1413 599 1468 sum,
623 1389 761 1456 offerens
784 1411 837 1455 me
859 1389 903 1455 ad
925 1411 1055 1455 omnem
1078 1391 1301 1458 conditionem
1324 1393 1413 1479 pacis

363 1494 399 1558 in
429 1493 580 1570 Domino,
611 1512 726 1578 precor
759 1496 799 1557 ut
830 1490 974 1578 qualiter
1007 1513 1135 1558 mecum
1167 1497 1279 1559 actum
1311 1495 1413 1561 nitet

362 1601 481 1682 agatur
503 1616 562 1681 per
584 1615 643 1660 vos
666 1594 853 1661 innotescat
876 1593 1010 1660 domino
1041 1593 1260 1672 cistertiensi,
1283 1597 1340 1682 qui
1362 1618 1413 1662 re·

362 1695 601 1764 conciliationis
638 1695 748 1781 hujus,
785 1717 827 1761 ne
865 1695 1044 1760 delusionis
1089 1696 1205 1778 dicam,
1244 1698 1411 1764 vobiscum

362 1799 537 1864 institutus
575 1805 627 1864 est
663 1803 862 1885 procurator.
935 1798 1081 1884 Expedit
1117 1800 1206 1864 enirn
1244 1801 1411 1867 honestati

362 1907 483 1967 vestrae
506 1905 541 1966 et
563 1899 654 1965 illius
677 1904 717 1965 ut
731 1900 855 1966 veritas
878 1898 1030 1985 pluribus
1053 1900 1248 1969 innotescat.
1286 1902 1410 1969 Valete.

800 2299 1019 2369 DOXXXIX.

426 2451 647 2516 Araxenono
670 2468 766 2516 earn
789 2451 1010 2518 Baunu1u1s¹
1034 2452 1278 2518 Novioususm
1301 2471 1343 2518 nr

566 2553 766 2619 Mausrnus
788 2553 1028 2619 PanisisraS1s²
1051 2571 1210 2622 nancaei.

467 2707 755 2770 (A.aa1;0.ii.a11;
775 2708 803 2757 z.
815 2708 850 2758 a.
863 2713 911 2770 aa,
929 2709 994 2771 unp.
1007 2707 1039 2758 a.
1051 2711 1100 2770 aa,
1119 2708 1218 2760 arou
1231 2711 1302 2769 ns.)

404 2838 474 2904 Nos
497 2837 669 2903 sanctitati
684 2843 803 2902 vestrae
827 2858 885 2924 pro
908 2838 1042 2904 ecclesia
1056 2838 1241 2924 anglicane
1263 2846 1298 2905 et
1311 2861 1409 2905 vene-

358 2941 456 3006 rabili
490 2941 564 3005 viro
597 2938 832 3004 cantuariensi
869 2937 1112 3026 archiepiscopo
1145 2962 1256 3026 preces
1290 2943 1409 3028 saepius

357 3042 540 3130 porrexisse
586 3042 819 3122 meminimus;
864 3063 924 3107 nec
970 3043 1101 3127 poterit,
1139 3043 1211 3109 Deo
1256 3045 1409 3130 propitio,

356 3152 470 3211 nostra
500 3145 663 3211 instantia
695 3143 850 3220 cohiberi,
881 3144 984 3210 donec
1014 3145 1045 3209 ei
1067 3144 1324 3212 misericordiam
1348 3147 1408 3210 im-

356 3248 518 3334 pendatis,
553 3251 588 3310 et
625 3243 814 3330 apostolicae
851 3245 1034 3330 majestatis
1073 3247 1209 3311 dextera
1246 3247 1407 3312 malitiam

355 3348 544 3434 reprimatis
558 3368 672 3411 eorum
688 3346 744 3431 qui
769 3345 939 3412 Christum
962 3348 998 3412 in
1020 3348 1077 3412 illo
1099 3355 1262 3414 conantur
1283 3351 1408 3414 exstin-

355 3472 464 3537 guere,
488 3455 524 3516 et
547 3449 653 3514 totius
677 3448 820 3514 ecclesiae
854 3450 1013 3535 perimere
1045 3450 1238 3517 libertatem.
1285 3451 1407 3516 Gratia

355 3553 489 3637 quidem
512 3556 650 3615 suntet
673 3549 780 3615 multa
804 3550 925 3616 damna
947 3573 1021 3635 quae
1037 3552 1095 3617 diu
1118 3552 1313 3638 fortiterque
1337 3575 1407 3617 sus·

355 3653 468 3729 tinuit,
490 3657 616 3717 atroces
648 3650 749 3714 nimis
784 3656 819 3716 et
850 3651 922 3716 aine
954 3653 1104 3739 exemplo
1138 3653 1174 3717 in
1207 3675 1242 3718 se
1274 3660 1309 3719 et
1338 3655 1407 3718 suis

355 3755 521 3841 patienter
543 3753 678 3839 excepit
701 3753 849 3838 injurias,
865 3754 930 3831 sed,
943 3755 1059 3819 divina
1073 3759 1268 3841 cooperante
1289 3758 1406 3842 gratia,

354 3859 397 3923 ad
420 3877 577 3943 magnum
606 3856 678 3942 jam
712 3854 856 3922 ecelesiae
887 3855 1082 3942 profectum,
1105 3862 1145 3921 ut
1175 3858 1406 3924 indubitanter

354 3959 525 4037 credimus,
561 3961 792 4044 pervenerunt.
850 3956 939 4022 Nam
973 3957 1063 4043 apud
1094 3957 1190 4022 illum
1223 3959 1404 4045 Anglorum

354 4083 465 4148 regem
515 4061 570 4126 cui
602 4081 671 4125 non
707 4060 789 4125 satis
823 4063 875 4125 est
897 4059 1048 4125 indebita
1070 4061 1231 4127 servitute
1254 4066 1405 4146 torquere

354 4163 528 4249 subjectos,
551 4161 655 4248 gratis
678 4160 822 4248 affligere
844 4161 1044 4239 innocentes,
1066 4161 1297 4227 contrahentes
1320 4163 1406 4228 deci-

354 4287 439 4352 pere,
462 4263 583 4329 vicinis
606 4262 765 4339 insidiari,
781 4261 936 4328 fraudare
959 4262 1118 4340 dominos,
1132 4263 1198 4328 nisi
1220 4269 1334 4329 contra
1355 4263 1405 4328 fas

355 4371 390 4432 et
407 4366 486 4451 jura
508 4363 677 4431 conculcet
693 4363 880 4450 ecclesiam)
898 4363 969 4450 jam
993 4364 1034 4429 de
1056 4363 1349 4431 consuetudinibus
1372 4372 1406 4431 et

354 4465 576 4554 dignitatibus
599 4487 660 4532 nec
682 4466 808 4532 mentio
823 4473 893 4547 est;
915 4465 977 4534 hoc
1000 4488 1038 4532 eo
1062 4473 1195 4554 petente
1219 4466 1405 4546 dumtaxat,

389 4694 397 4726 ¹
416 4691 578 4753 Beraordaa,
589 4693 619 4754 Z,
630 4692 661 4742 L.
872 4691 878 4760 Ι
935 4691 1159 4755 'Perbiacena'a
1172 4692 1199 4743 Z
