3278 5662
379 790 445 862 274
816 808 994 860 amasonia.
1236 793 1316 877 [aa.
1335 790 1433 861 1170.

379 996 486 1062 tentia
517 1018 617 1082 quam
639 997 836 1063 venerabilis
859 998 961 1063 frater
982 1003 1093 1062 noster
1115 997 1258 1063 Thomas
1283 997 1432 1065 Oantua-

381 1097 497 1163 riensis
519 1098 779 1184 archiepiscopus
802 1099 838 1162 in
861 1119 936 1163 eum
959 1099 1099 1185 protulit
1123 1099 1252 1164 absolvi
1276 1100 1432 1177 voluerit,

379 1200 421 1263 ad
444 1201 654 1284 praesentiam
677 1204 820 1265 vestram
845 1199 912 1285 (vel
935 1200 1078 1277 alterius,
1101 1202 1130 1265 si
1153 1208 1293 1287 uterque
1315 1203 1430 1267 adesse

381 1321 446 1365 non
479 1308 601 1388 potest)
636 1302 776 1377 accedat,
800 1309 834 1367 at
866 1324 887 1367 a
918 1302 1020 1379 vobis,
1056 1304 1206 1389 praestito
1236 1305 1430 1388 juramento

381 1403 467 1487 quod
505 1411 617 1469 nostro
666 1404 785 1468 debeat
830 1425 942 1490 parere
981 1404 1146 1480 mandato,
1187 1406 1429 1471 absolutionem

383 1505 527 1589 recipiat.
576 1505 659 1570 Inde
693 1506 854 1590 siquidem
888 1512 946 1581 est,
981 1506 1068 1591 qnod
1091 1529 1151 1571 nos
1184 1509 1224 1583 ei,
1247 1509 1333 1573 sicut
1355 1509 1428 1574 viro

384 1606 544 1692 religiose,
577 1608 733 1683 litterate,
765 1608 911 1693 provide,
949 1615 983 1672 et
1014 1609 1155 1673 discreto
1195 1611 1230 1673 in
1266 1610 1428 1686 omnibus,

378 1710 553 1791 (quantum
588 1730 663 1774 cum
697 1708 768 1773 Deo
800 1716 835 1773 et
861 1708 994 1793 justitia
1032 1715 1219 1794 possumus)
1258 1712 1428 1797 cupientes

378 1809 512 1886 descire,
535 1818 569 1876 et
591 1812 703 1877 dilecti
726 1812 786 1875 filii
819 1813 922 1876 nostri
946 1813 1096 1898 magistri
1120 1814 1231 1878 David
1262 1815 1428 1880 Londoni-

384 1913 470 1976 cnsis
494 1913 635 1979 ecclcsiae
667 1913 815 1979 canonici
840 1912 1075 1998 ¹postulatione
1107 1916 1244 1992 inducti,
1275 1916 1429 1982 fraterni-
1515 1979 1519 1988 ,

383 2014 446 2078 tati
469 2020 587 2078 vestus
611 2037 669 2098 per
700 2012 877 2099 apostolica
900 2015 1023 2100 scripta
1045 2015 1247 2092 mandamus,
1263 2027 1428 2101 quatenus
1506 2005 1509 2010 ’

382 2115 410 2178 si
449 2121 648 2180 memoratus
683 2116 853 2201 episcopus
884 2117 926 2181 ad
961 2138 1020 2180 ves
1051 2138 1111 2202 pro
1137 2118 1354 2184 absolutionis
1378 2142 1427 2185 re-

379 2218 528 2301 ceptione
551 2218 728 2293 accesserit,
746 2239 804 2282 vos
828 2219 945 2303 ipsum,
961 2225 1093 2305 accepto
1116 2220 1158 2284 ab
1181 2242 1219 2286 eo
1237 2221 1428 2306 juramento

383 2320 470 2401 (quod
492 2327 603 2384 nostro
626 2320 667 2383 de
701 2321 892 2405 praescripta
924 2321 1088 2385 sententia
1110 2322 1239 2406 parebit
1262 2323 1426 2400 mandate,

385 2421 516 2486 sublato
549 2422 778 2508 appellationis
814 2424 965 2498 remedie,
988 2423 1187 2502 absolvatis3
1218 2424 1267 2489 ita
1290 2425 1426 2508 quidem

379 2524 467 2607 quod
489 2525 618 2589 nullum
641 2530 776 2610 propter
799 2524 860 2590 hoc
884 2525 1064 2611 dignitatis,
1093 2526 1225 2603 ordinis,
1247 2532 1305 2591 aut
1329 2526 1426 2592 officii

380 2624 561 2708 pericnlum
578 2626 697 2690 debeat
719 2625 879 2689 sustinere
903 2632 962 2690 ant
984 2626 1130 2711 aliquam
1152 2624 1297 2691 infamiae
1312 2632 1425 2691 notam

378 2725 550 2791 incurrere.
606 2724 822 2790 Absolutionc
854 2733 965 2790 autem
1000 2726 1095 2801 facta,
1119 2726 1154 2791 id
1187 2729 1425 2812 praenominate

379 2825 622 2912 archiepiscopo
646 2849 704 2912 per
735 2826 864 2891 litteras
890 2834 1017 2891 vestras
1040 2827 1241 2913 significetis,
1264 2834 1298 2894 st
1321 2829 1352 2892 ci
1384 2852 1426 2892 ex

380 2934 473 3013 parte
496 2935 610 2994 nostra
632 2930 771 2993 firmiter
794 2929 1000 3014 praecipiatis,
1017 2935 1050 2993 et
1074 2928 1110 2993 in
1125 2930 1251 2995 virtute
1274 2932 1426 2996 obedien·

380 3031 436 3095 tiae
460 3031 651 3117 injungatis,
668 3030 755 3115 quod
771 3030 1010 3094 absolutionem
1034 3031 1104 3114 ejus
1120 3031 1281 3098 occultam
1304 3032 1426 3097 habeat

380 3138 414 3196 ct
430 3133 563 3197 omnino
580 3138 745 3207 secretam,
762 3131 864 3196 donec
896 3132 1018 3216 absque
1042 3132 1145 3217 ipsius
1176 3135 1319 3219 episcopi
1343 3134 1426 3219 peri-

379 3234 452 3298 culo
476 3233 586 3297 valeat
613 3233 786 3318 propalari.
835 3231 930 3311 Quod
965 3233 992 3296 si
1025 3238 1163 3319 uterque
1196 3239 1342 3299 vestrum
1375 3235 1426 3297 his

378 3333 596 3417 exsequendis
619 3334 776 3396 interesse
800 3354 865 3396 non
898 3335 1028 3417 poterit,
1051 3334 1136 3400 alter
1157 3355 1224 3399 non
1247 3335 1425 3411 minusca,

379 3440 479 3519 prout
502 3434 655 3510 diximus,
680 3440 887 3517 exsequatur.
937 3434 1060 3500 Valete.

377 3671 458 3722 initial
472 3672 507 3720 B.
521 3687 547 3721 aa
560 3670 680 3735 meaning
691 3670 879 3720 Bartholomsw
925 3673 968 3720 thc
978 3672 1131 3735 archbiahop
1139 3672 1167 3722 ol
1174 3673 1264 3723 Rauen
1276 3673 1301 3722 in
1313 3674 1361 3738 Ep.
1369 3678 1426 3732 658,

377 3752 407 3801 of
432 3752 535 3810 Exstat,
558 3753 604 3799 but
627 3766 665 3799 wc
688 3751 740 3799 also
762 3750 814 3798 find
837 3750 880 3799 the
925 3752 973 3799 and
985 3750 1011 3799 in
1026 3749 1122 3811 Diceto,
1134 3750 1150 3800 i.
1163 3755 1220 3803 387.

379 3829 471 3893 biehop
492 3830 520 3879 ol
544 3830 641 3879 Exstat
658 3828 803 3879 mentioned
821 3829 881 3877 with
