3278 5662
247 797 314 846 an.
331 779 441 863 illu]
680 793 860 842 amaruan.

670 1213 871 1282 DOXXXV.

308 1366 531 1434 normanna
553 1382 643 1433 earn
665 1367 803 1432 Tuonn
827 1366 1093 1433 Quorsumnam
1117 1381 1241 1432 auem-

691 1486 861 1536 anscoro.

501 1618 544 1680 (Z.
555 1635 580 1668 v.
595 1622 640 1679 173
658 1619 723 1684 Imp.
735 1634 760 1669 v.
774 1621 821 1680 1⁷3
838 1618 929 1669 Thom.
943 1620 1016 1679 επ.)

294 1744 356 1809 Per
380 1747 600 1812 venerabilem
624 1747 761 1813 fratrem
776 1752 925 1813 nostrum
943 1744 1168 1810 Senonensem
1188 1741 1296 1810 arohi-
1310 1747 1364 1827 ᾘιο
1375 1746 1448 1797 ereh-

249 1846 437 1932 episeopum
459 1848 648 1934 apostolieae
671 1849 759 1914 sedis
782 1848 936 1933 legatum,
960 1851 995 1912 et
1018 1868 1076 1932 per
1098 1845 1180 1911 alias
1204 1843 1295 1909 litte·
1310 1812 1443 1930 {wlff

250 1968 303 2011 ras
324 1953 461 2026 nostras,
478 1949 667 2015 discretioni
691 1956 759 2015 tuae
782 1970 841 2014 nos
856 1949 1058 2035 significasse
1080 1946 1297 2022 meminimus,
1311 1951 1412 1995 &⁰1⁰⁸

250 2048 338 2134 quoe
361 2048 500 2114 naas
515 2050 701 2137 Anglorum
723 2073 783 2116 rex
805 2051 899 2116 nona
915 2051 956 2115 a
979 2069 1058 2136 paee
1080 2052 1140 2113 lua
1162 2048 1297 2113 nuncios
1310 2009 1433 2130 &affl

251 2156 285 2217 et
307 2153 506 2238 transcripta
527 2155 720 2219 transmisit.
767 2154 812 2217 Et
834 2174 893 2217 nos
921 2149 1167 2217 venerabilibus
1188 2149 1299 2214 fratri-

251 2254 312 2319 bus
334 2255 457 2320 nostris
490 2255 749 2341 Rothomagensi
778 2254 1020 2340 arehiepisoopo
1042 2256 1077 2318 et
1099 2252 1300 2318 Nivernensi

251 2355 402 2441 episeopo
440 2356 481 2421 de
519 2356 610 2420 illius
646 2356 735 2442 pacis
766 2354 976 2420 exsecutione
1007 2353 1136 2419 litteras
1169 2357 1299 2418 nostras

252 2455 499 2534 destinavimus,
523 2456 610 2521 sieut
635 2455 706 2539 jam
739 2454 847 2520 dietus
883 2453 1081 2520 Senonensis
1113 2452 1299 2538 prudentiae

252 2560 319 2620 tum
341 2555 422 2620 viva
436 2577 515 2622 voce
537 2556 668 2642 plenius
691 2557 802 2642 potuit
817 2577 977 2623 enarrare.
1022 2555 1120 2620 Unde
1144 2554 1299 2639 quoniam

253 2656 364 2722 dilecti
397 2656 458 2720 filii
490 2658 593 2723 nostri
617 2658 807 2724 Alexander
828 2664 862 2723 et
889 2655 1057 2723 Joannes¹
1080 2655 1192 2720 nuntii
1226 2652 1300 2730 eui?

252 2778 311 2843 pro
334 2757 531 2842 quibusdam
554 2760 695 2845 negotiis
719 2761 795 2838 tuis,
811 2766 887 2844 post
909 2757 1040 2843 praefati
1063 2756 1300 2841 archiepiscopi

252 2858 429 2922 discessum
451 2879 578 2922 moram
603 2858 710 2924 faeere
740 2857 928 2932 voluerunt,
951 2877 1011 2921 nos
1043 2855 1106 2920 tibi
1138 2878 1197 2942 per
1219 2877 1301 2921 eun·

253 2960 327 3023 dem
349 2958 630 3045 arehiepiscopum
662 2959 868 3024 voluntatem
892 2964 925 3023 et
948 2958 1120 3023 eonsilium
1151 2964 1300 3022 nostrum

252 3061 408 3125 secretius
442 3066 476 3126 et
510 3059 646 3127 eelerins
685 3060 842 3124 duximus
880 3059 1113 3135 intimandum,
1145 3058 1301 3123 fraterni·

253 3164 357 3225 tatem
380 3165 473 3225 tuam
500 3182 559 3247 per
585 3159 778 3246 apostoliea·
796 3159 921 3245 scripta
953 3164 1106 3245 rogantes
1139 3158 1302 3225 attentius

253 3265 288 3325 et
309 3266 493 3338 monentes,
517 3266 557 3325 ut
578 3260 813 3348 praedietorum
844 3259 1043 3326 Sunonensis
1066 3262 1101 3324 et
1123 3258 1301 3324 Rothoma-

253 3362 362 3448 gonsis
395 3362 714 3448 archiepiscoporum
738 3368 773 3428 et
804 3361 1021 3426 Nivemensis
1053 3360 1196 3447 episcopi
1226 3379 1302 3425 oon·

254 3463 328 3529 silio
350 3469 385 3529 ot
406 3463 638 3539 admonitioni,
662 3463 749 3529 siout
770 3482 829 3549 per
850 3462 934 3528 alias
956 3462 1021 3528 tibi
1051 3463 1179 3528 litteras
1201 3459 1302 3547 signi·

254 3563 435 3641 fieavimua
456 3564 655 3649 adquiescas.

289 3788 297 3821 ¹
316 3788 350 3837 A.
370 3824 377 3838 .
395 3823 402 3839 .
419 3824 426 3838 .
444 3795 468 3838 et
493 3787 588 3849 Y.,v;
609 3789 643 3837 A.
663 3795 688 3835 et
704 3786 780 3849 m
792 3808 799 3847 ;
818 3788 888 3837 Μ
906 3787 945 3849 J„
963 3787 991 3849 Z,
1007 3787 1092 3838 vllem
1108 3787 1304 3838 theuameuare

252 3869 324 3932 ‚filled
336 3881 370 3929 up
382 3868 417 3931 by
428 3864 625 3916 interlineatiou.
659 3865 699 3916 Cf.
712 3865 776 3930 Epp.
790 3869 847 3926 859,
860 3868 918 3916 olo.

288 3946 299 3979 ²
317 3945 363 4004 tui,
374 3959 424 3994 om.
436 3943 470 3994 L.
