3278 5662
197 799 263 849 aa.
283 779 463 867 not-ta]
645 801 826 851 urrsrorn.
1193 789 1255 858 197

195 991 214 1017 “
236 988 416 1069 antequam
440 987 569 1064 moriar,
586 993 626 1052 ut
648 988 694 1053 sic
717 989 839 1073 possim
864 990 1000 1055 domino
1016 988 1252 1056 Cantuariensi
1320 1027 1321 1030 ¹

197 1094 215 1120 “
238 1093 272 1151 et
288 1108 329 1152 ex
345 1089 445 1153 corde
462 1089 522 1154 hoe
538 1089 645 1154 dicere
661 1096 695 1154 et
710 1111 807 1176 opere
822 1092 1031 1177 adimplere.’'
1069 1092 1255 1179 suggerite,

199 1210 317 1273 quasa,
341 1189 475 1254 domino
497 1189 741 1277 archiepiscopo
773 1214 816 1257 ne
838 1193 993 1258 alericum
1024 1216 1122 1259 suurn
1146 1197 1256 1261 verbis

199 1297 355 1376 provocet
392 1297 453 1356 aut
491 1293 591 1356 nimis
629 1299 811 1382 exasperet,
850 1316 901 1372 ne,
937 1297 1016 1360 dum
1054 1297 1146 1383 ligna
1184 1319 1258 1362 oum

199 1393 349 1478 proximo
373 1394 547 1459 creduntur
563 1397 597 1459 in
621 1395 718 1481 sylva
741 1396 864 1461 sermm
881 1399 921 1462 de
938 1398 1112 1463 manubrio
1135 1400 1258 1465 securis

198 1496 320 1561 evadat
363 1498 617 1583 proximumque
661 1498 842 1564 interimat.
905 1499 1012 1585 Ligna
1050 1502 1146 1578 enim,
1172 1507 1256 1566 teste

200 1596 365 1683 Gregorio,
401 1598 565 1676 eredimus
602 1620 676 1666 cum
714 1622 772 1685 per
810 1601 1069 1686 increpationem
1111 1603 1255 1687 proximi

199 1704 331 1784 peccata
354 1701 570 1779 suceidimus;
601 1701 659 1767 sed
682 1702 806 1766 ferrum
828 1705 952 1768 securis
975 1704 1119 1769 elabitur
1142 1706 1253 1789 proxi·
1267 1716 1358 1767 Moru.
1371 1733 1397 1767 x.

200 1822 355 1886 mumque
378 1804 507 1879 occidit,
532 1804 612 1867 dum
642 1804 879 1869 contumeliosa
909 1806 1067 1887 correctio
1090 1807 1253 1873 conscien-
1269 1782 1390 1914 {ffill

199 1903 280 1967 tiam
303 1905 447 1989 proximi
471 1905 680 1970 vulneratam
705 1927 725 1970 a
750 1906 936 1972 dilectionis
967 1907 1088 1992 spiritu
1111 1907 1147 1971 in
1170 1929 1255 1973 mor-

199 2001 286 2069 talel
319 2006 432 2070 odium
455 2008 568 2074 vertit.
615 2008 703 2073 Sane
726 2029 795 2072 non
831 2014 882 2073 est
902 2009 1091 2084 admonitio
1123 2016 1258 2095 accepta

195 2107 232 2171 in
255 2108 357 2173 oculis
380 2109 544 2174 Altissimi
569 2132 642 2195 quae
667 2131 735 2174 non
767 2109 808 2175 tit
824 2132 866 2175 ex
891 2111 1042 2176 caritatis
1066 2112 1196 2191 intimo,
1221 2117 1256 2176 et

198 2211 233 2273 in
265 2211 385 2295 spiritu
417 2211 574 2276 lenitatis.
637 2211 738 2291 Quod
776 2211 907 2296 liquido
940 2217 1036 2298 patet
1068 2235 1110 2277 ex
1145 2213 1256 2278 verbis

199 2312 301 2378 Elire²
338 2312 496 2378 dicentis:
539 2314 649 2380 “Eece
689 2313 839 2398 Spiritus
880 2313 1020 2380 Domini
1058 2316 1256 2380 subvertens

196 2425 216 2449 “
238 2421 367 2481 montes
391 2422 425 2481 et
448 2422 620 2481 conterens
642 2421 765 2502 petras,
787 2423 822 2481 et
844 2437 912 2481 non
935 2418 971 2481 in
994 2417 1115 2503 spiritu
1139 2417 1255 2483 Domi·

196 2527 216 2551 ⁴‘
239 2540 323 2596 nus;
353 2526 483 2604 etpost
507 2519 666 2604 spiritum
688 2520 876 2599 commotio,
899 2526 933 2585 et
957 2541 1025 2585 non
1047 2521 1083 2583 in
1116 2541 1256 2586 commo·

199 2627 215 2652 “
238 2619 328 2684 tione
345 2619 508 2684 Dominus
522 2645 529 2698 ;
552 2629 586 2685 et
602 2626 678 2705 post
694 2621 950 2686 commotionem
966 2621 1064 2706 ignis,
1080 2626 1116 2686 et
1138 2643 1206 2686 non
1221 2622 1257 2685 in

200 2722 314 2808 “igne
346 2720 531 2800 Dominus;
561 2728 596 2787 et
626 2728 702 2808 post
719 2723 847 2808 ignem
871 2722 990 2787 sibilus
1022 2743 1113 2788 aurae
1138 2724 1257 2800 tenuis,

198 2832 216 2856 “
239 2831 273 2888 et
306 2824 341 2885 in
375 2823 472 2889 sibilo
508 2822 701 2889 Dominus.''
748 2823 837 2889 Nam
871 2844 946 2888 cum
985 2821 1068 2910 per³
1099 2824 1257 2909 praedicta

197 2924 355 2990 terribilis
393 2925 586 3010 imprecatio
632 2925 856 3010 exprimatur,
896 2946 955 3009 per
993 2924 1129 2990 sibilum
1166 2946 1257 2991 aurae

198 3029 316 3104 tenuis,
339 3027 471 3101 blanda,
495 3032 530 3091 et
565 3026 672 3092 amica
701 3027 892 3092 exhortatio
927 3026 1127 3113 designatur.
1174 3026 1257 3092 Haec

197 3131 238 3195 fit
260 3151 335 3196 cum
369 3130 510 3205 silentia,
546 3128 605 3194 illa
639 3129 680 3194 fit
711 3150 789 3194 eum
826 3128 1000 3195 iracundia
1031 3135 1067 3195 et
1094 3129 1253 3207 tumultu,

196 3234 283 3300 sieut
298 3232 458 3318 scripturn
482 3237 552 3296 est:
577 3231 774 3311 “Quoniam
788 3252 885 3317 aquea
901 3231 1006 3297 Siloes
1021 3253 1097 3298 cum
1120 3231 1254 3298 silentio

199 3345 215 3370 “
239 3342 384 3411 cununt,
406 3356 503 3420 aqnae
526 3355 605 3400 vero
628 3333 732 3399 Rasin
768 3340 943 3399 transeunt
966 3355 1040 3399 cum
1075 3334 1252 3400 tumultu.'’

198 3437 301 3502 Porro
324 3438 477 3502 dominus
501 3436 765 3514 Cantuariensis,
790 3438 859 3523 qui,
884 3438 972 3503 sicut
1002 3437 1085 3502 mihi
1109 3438 1252 3515 videtur,

193 3542 264 3627 jam
286 3562 459 3627 aggressus
483 3548 534 3605 est
557 3539 708 3606 arctioris
732 3545 767 3604 et
789 3540 917 3606 altioris
934 3540 1014 3605 vitae
1037 3541 1252 3628 propositum,

197 3664 263 3708 non
294 3644 448 3729 spiritum
480 3641 725 3727 hujusmundi
759 3643 896 3728 accepit,
926 3642 985 3734 sed
1018 3643 1173 3728 spiritum
1195 3645 1254 3730 qui

195 3766 239 3809 ex
271 3744 343 3810 Deo
375 3751 433 3808 est.
481 3741 614 3810 Caritas
651 3765 729 3830 ergo
763 3742 836 3818 Dei,
873 3764 948 3828 quae
983 3743 1104 3808 diffusa
1135 3750 1187 3809 est
1219 3745 1256 3809 in

195 3847 293 3912 corde
326 3844 423 3922 illius,
460 3867 564 3930 usque
598 3845 642 3908 ad
677 3844 868 3929 proximum
903 3867 937 3909 se
970 3845 1139 3924 extendat,
1170 3847 1258 3912 sicut

194 3947 289 4013 docet
312 3952 472 4013 sanctum.
519 3946 643 4024 Unde,⁴
665 3947 693 4010 si
718 3945 983 4011 Saresberiensis
1005 3947 1257 4016 archidiaconus

196 4056 384 4133 perseverat
407 4051 443 4113 in
467 4071 506 4112 ea
529 4047 757 4112 satisfactione
782 4052 818 4112 et
840 4045 1032 4113 obedientia
1056 4070 1156 4133 quam
1179 4072 1256 4137 pro·

196 4152 312 4227 mittit,
336 4151 515 4237 aperienda
537 4155 617 4214 sunt
640 4150 670 4214 ei
694 4149 821 4215 viscera
843 4149 1001 4216 caritatis.
1049 4150 1121 4235 Ego
1143 4157 1255 4218 autem

195 4275 353 4340 magnum
391 4259 510 4338 reputo
550 4256 686 4316 tantum
724 4250 919 4317 lucrifacere
952 4251 1064 4316 virum
1076 4276 1084 4332 ;
1126 4253 1193 4337 qui,
1226 4254 1255 4318 si

196 4357 346 4443 vestigiis
378 4355 505 4421 domini
539 4352 791 4419 Cantuariensis
824 4353 1004 4432 inhaeserit,
1037 4353 1182 4419 fructum
1218 4356 1255 4420 in

233 4557 239 4587 ¹
256 4557 395 4617 immortale,
419 4556 486 4615 MS,
508 4558 543 4618 by
566 4553 697 4604 alteration
788 4553 798 4584 ³
813 4569 870 4617 per,
881 4568 931 4603 om.
943 4553 1002 4606 MS.

196 4641 258 4697 (but
269 4636 408 4702 wrongly).
788 4635 798 4664 ⁴
816 4633 895 4693 Num,
907 4633 964 4686 MS.

231 4715 241 4747 ²
264 4713 352 4774 Y-raie,
365 4715 423 4767 MS.
