3278 5662
188 809 251 861 an.
270 797 380 882 noa]
625 812 803 863 srrsronn.
1195 800 1236 867 37

185 998 307 1065 tionem
334 1001 441 1064 tantae
467 997 657 1084 iniquitatis
681 998 893 1065 sanctitatem
918 1004 1063 1064 vestram
1094 1001 1131 1063 in
1157 1022 1237 1086 apo-

185 1099 308 1167 stolicae
342 1099 479 1166 virtutis
517 1099 633 1165 robore
670 1105 749 1167 ante
787 1101 905 1167 faciem
943 1121 1037 1165 suam
1076 1102 1238 1186 praemisit

187 1201 339 1269 Christus
362 1202 398 1266 in
420 1201 541 1287 spiritu
563 1206 599 1267 et
619 1203 744 1268 virtute
768 1200 922 1269 Heliael¹
969 1202 1129 1268 Conterat
1151 1225 1238 1289 ergo,

187 1305 216 1368 si
248 1305 365 1390 placet,
388 1309 501 1370 vestra
533 1304 688 1390 majestas
720 1309 789 1370 tam
822 1305 924 1370 istum
955 1326 1054 1389 quam
1086 1305 1238 1390 reliquos,

188 1427 269 1491 quos
292 1407 445 1472 dominus
476 1405 726 1472 cantuariensis
758 1429 801 1473 ex
828 1407 929 1492 justis
952 1407 1059 1472 causis
1082 1406 1238 1472 Sathsnae

189 1507 337 1584 tradidit,
359 1507 480 1593 utqui
509 1505 585 1573 aliis
615 1530 650 1573 se
680 1508 818 1574 formam
850 1508 994 1594 praebuit
1024 1508 1239 1592 delinquendi

189 1616 258 1675 tam
287 1610 508 1696 praesentibus
538 1630 638 1694 quam
669 1611 817 1696 posteris,
855 1610 898 1675 ad
935 1610 1073 1695 gloriam
1110 1610 1172 1674 Dei
1205 1614 1239 1674 et

188 1710 344 1777 honorem
367 1716 526 1787 vestrum,
542 1711 585 1776 ad
608 1713 711 1777 totius
734 1711 879 1778 ecclesiae
893 1712 1034 1776 sulutem
1058 1718 1092 1776 et
1115 1734 1238 1797 pacem,

188 1819 304 1880 notum
325 1814 535 1900 relinquatur
557 1814 768 1882 correctionis
791 1814 989 1900 exemplum.

520 2070 891 2082 ——1—1—

644 2263 795 2330 DXLIV.

191 2415 283 2480 tino
304 2414 526 2480 Morinorum
550 2429 734 2480 nrrseorus
757 2430 806 2479 an
838 2416 1089 2480 maranorum
1112 2434 1238 2482 aaran.

290 2567 339 2630 (Α.
352 2570 416 2627 185;
434 2524 501 2618 (lii.
515 2569 578 2625 1273
596 2565 621 2618 Z
634 2565 672 2615 iii.
691 2570 736 2626 16;
755 2565 819 2631 an.
832 2565 870 2616 iii.
885 2571 934 2625 163
952 2567 985 2618 G.
997 2569 1054 2618 Fol.
1066 2573 1138 2632 454.)

235 2702 449 2769 Sanctissimo
471 2700 605 2766 domino
643 2703 677 2763 et
715 2698 803 2783 patri
841 2698 1017 2776 carissimo,
1050 2701 1240 2766 Alexandro

191 2802 253 2869 Dei
275 2803 384 2891 gratia
416 2823 545 2868 summo
579 2799 737 2886 pontifici,
761 2798 866 2880 Milo,2
889 2800 1091 2866 Morinorum
1115 2804 1239 2887 episco-

189 2926 260 2991 pus,
282 2905 431 2981 salutem,
455 2909 489 2969 et
511 2903 666 2968 devotam
690 2902 725 2966 in
748 2901 902 2966 omnibus
926 2902 1156 2968 obedientiam.

235 3007 455 3094 Impudentiae
477 3010 584 3071 mater
594 3004 742 3082 ambitio,
766 3025 865 3090 quam
879 3026 964 3071 oseca
986 3006 1031 3069 sit
1047 3028 1088 3069 ex
1113 3029 1150 3071 eo
1166 3029 1239 3072 con·
1254 3021 1364 3085 against

189 3111 339 3196 spicuum
362 3108 523 3194 estquod
546 3130 580 3172 se
603 3107 675 3193 pari
699 3107 887 3172 tomeritate
912 3107 1094 3173 audendis³
1117 3118 1152 3173 ot
1174 3132 1240 3174 non
1253 3088 1406 3205 {fflggfl

189 3210 350 3277 audendis
372 3210 547 3296 immergit,
579 3213 615 3274 et
647 3209 918 3295 concupiscentiae
948 3210 1092 3275 stimulis
1113 3213 1242 3298 agitata

190 3336 248 3402 per
280 3313 332 3380 fas
364 3319 399 3378 et
436 3311 528 3378 nefas
564 3310 634 3375 ruit
671 3311 707 3374 in
740 3333 892 3396 praeceps.
938 3311 1049 3397 Hujus
1080 3314 1241 3400 impulsus

188 3418 297 3483 furore
320 3414 560 3482 Londoniensis
592 3413 763 3499 episcopus
794 3421 935 3479 matrem
965 3438 1069 3493 suam,
1092 3423 1240 3483 sanctam

192 3518 462 3586 cantuariensem
486 3515 665 3590 ecclesiam,
688 3514 741 3579 cui
772 3514 872 3580 fidem
895 3521 930 3582 et
953 3516 1174 3584 obedientiam
1199 3543 1240 3584 ox

190 3621 340 3707 praestita
361 3618 561 3706 professione
593 3616 701 3693 debet,
735 3620 857 3702 quaerit
879 3625 1036 3699 evertere,
1060 3626 1093 3684 ot
1115 3620 1239 3686 archic-

190 3720 379 3808 piscopatus
401 3717 559 3785 honorem
583 3715 726 3783 ecelesiae
750 3716 982 3797 Londoniensi,
998 3720 1053 3785 eui
1075 3723 1239 3806 presidet,

190 3846 224 3888 se
246 3821 487 3909 acquisiturum
518 3819 689 3906 gloriatur.
734 3817 891 3884 Sufficcre
914 3820 1076 3887 debuerat
1098 3824 1128 3887 ei
1152 3825 1240 3909 quod

191 3930 318 4013 patrem
333 3946 430 3991 suum
453 3922 623 3988 dominum
647 3919 931 4001 Cantuariensem,
946 3923 988 3989 ob
1004 3925 1240 3992 confessionem

192 4028 350 4103 veritatis,
373 4033 408 4092 et
430 4025 606 4092 tuitionem
637 4023 801 4090 libertatis
824 4025 1060 4103 ecclesiastica,
1083 4033 1117 4092 et
1139 4030 1242 4113 privi-

189 4130 349 4217 legiorum
372 4127 459 4194 sedis
479 4125 666 4215 apostolicas
689 4125 919 4204 defensionem,
929 4127 1002 4213 jam
1017 4130 1243 4215 quinquennio

190 4230 349 4318 proscribi
371 4228 460 4308 fecit,
482 4235 518 4294 et
542 4227 642 4314 (quod
653 4228 883 4294 indubitanter
904 4231 1160 4315 peremptorium
1177 4237 1243 4314 est)

193 4335 279 4423 regis
301 4340 336 4400 et
357 4331 548 4401 officialium
584 4353 718 4397 suorum
753 4332 880 4397 animos
915 4332 951 4397 in
982 4336 1241 4420 persecutionem

230 4562 347 4627 maye,
360 4564 394 4613 Δ.
773 4560 918 4612 ³audeutia
941 4572 966 4612 et
988 4581 1037 4614 nou
1059 4565 1184 4626 audatis,
1211 4570 1244 4630 A,

228 4641 239 4674 ²
256 4640 411 4695 Mauricius.
423 4642 457 4698 Ο,
468 4638 494 4689 in
507 4636 550 4689 the
566 4637 695 4703 heading:
742 4640 773 4691 Ο.

201 4719 472 4771 liberandum.
