3278 5662
801 742 980 853 nmsronm
1220 786 1299 875 [an.
1318 792 1416 858 1169.

710 1165 718 1171 ’
793 1176 983 1243 DXLVIII.

392 1313 613 1379 Annmnoao
637 1329 733 1379 rnen
756 1313 950 1381 Mamaeae
972 1314 1166 1382 Tanomms
1188 1331 1382 1383 nrrscoros.

463 1468 511 1527 (A,
524 1471 589 1528 aon
608 1467 640 1518 o.
652 1465 678 1517 n.
690 1470 756 1524 rra
773 1467 802 1517 z.
814 1463 849 1516 in.
862 1472 911 1526 aa
929 1467 994 1532 nup.
1006 1466 1042 1517 m.
1055 1471 1104 1529 aa
1125 1468 1158 1520 o.
1170 1467 1227 1519 ror.
1239 1468 1312 1532 rra.)

192 1616 223 1664 111
236 1617 325 1668 favour
404 1609 504 1694 Apud
519 1610 689 1676 dominum
709 1630 819 1675 meum
835 1608 1021 1675 fiducialius
1041 1629 1112 1696 ago,
1126 1610 1273 1676 recolens
1288 1616 1416 1696 quanta
1492 1615 1496 1625 ’

193 1683 273 1798 {ff
359 1709 550 1796 dignatione
569 1717 666 1777 tanta
680 1712 834 1798 majestas
857 1732 964 1776 meam
986 1731 1115 1798 semper
1129 1711 1293 1789 dilexerit,
1310 1711 1413 1779 bono-

193 1814 303 1892 b5⁸h0a
359 1813 492 1890 raverit,
516 1819 550 1878 et
582 1814 743 1879 extulerit
774 1813 984 1900 parvitatem.
1051 1812 1097 1878 nt
1127 1814 1262 1900 quidem
1293 1814 1413 1901 gradui

192 1883 456 2014 'p'fflqffffitquem
490 1914 654 1980 habebam
689 1915 833 1979 multum
865 1914 1003 1981 accessit
1036 1914 1180 1992 honoris,
1214 1916 1272 1981 sed
1306 1916 1413 1982 multo

192 2015 434 2100 ⁰f11011d01¹plus
461 2016 591 2094 oneris,1
624 2022 663 2083 ut
694 2040 737 2082 ex
768 2016 963 2084 necessitate
998 2016 1155 2083 deficiant
1186 2018 1316 2084 humeri
1346 2019 1413 2085 mei

359 2118 424 2182 nisi
455 2118 618 2185 Dominus
648 2120 860 2207 supposuerit
887 2139 1021 2185 manum
1052 2140 1157 2198 suam,
1179 2125 1215 2186 et
1235 2120 1414 2188 elementia

359 2224 472 2285 vestra
497 2221 635 2307 adjiciat
665 2222 816 2308 gratiam.
877 2222 966 2287 Nam
998 2221 1027 2286 si
1059 2222 1270 2308 providentia
1301 2228 1413 2290 vestra

359 2320 515 2407 dignetur
537 2323 837 2409 circumspectionis
864 2345 933 2389 auae
956 2323 1067 2389 oculos
1090 2324 1126 2388 in
1149 2328 1261 2410 partes
1283 2328 1412 2390 nostras

359 2422 507 2511 dirigere,
530 2426 645 2491 multis
667 2427 762 2492 bonis
785 2444 906 2512 magna
929 2425 1058 2491 videbit
1088 2426 1201 2493 messe
1232 2431 1411 2504 tormenta,

358 2532 393 2589 et
415 2527 566 2612 pluribus
589 2529 742 2614 graviora
763 2528 887 2594 instare
910 2527 1099 2595 certamina
1146 2529 1320 2610 Quacum
1343 2529 1412 2615 epi·

357 2649 474 2715 scopus
497 2631 655 2717 corrigere
678 2651 850 2716 nequeam,
866 2635 901 2696 et
923 2649 983 2717 pro
997 2635 1150 2718 suscepto
1171 2629 1277 2697 officio
1293 2629 1412 2729 Divini

353 2730 473 2814 judicii
503 2738 594 2798 metu
617 2753 684 2798 non
715 2732 855 2798 audeam
888 2731 1105 2810 dissimulare,
1128 2753 1181 2798 mc
1203 2733 1354 2819 quiaquia
1376 2733 1413 2798 in

356 2839 447 2899 arcto
478 2834 697 2900 constitutum
735 2833 885 2922 ambigit,
919 2834 1121 2901 conditionis
1158 2853 1241 2900 mese
1279 2854 1413 2922 prorsus

356 2935 489 3021 ignarus
513 2944 573 3003 est.
635 2937 802 3003 Caeterum
826 2955 900 3022 spes
924 2957 997 3002 mea
1019 2937 1056 3000 in
1080 2936 1152 3002 Deo
1175 2942 1211 3002 ct
1232 2937 1328 3003 vobis
1350 2944 1410 3020 ost,

355 3038 397 3101 ad
429 3060 526 3124 quem
554 3044 623 3104 tam
656 3060 744 3104 meas
775 3057 874 3124 quam
908 3039 1089 3104 amicorum
1124 3039 1304 3124 angustias,
1328 3060 1411 3125 pra·

354 3141 467 3204 sertim
490 3163 549 3226 pro
571 3141 772 3207 consessione
795 3141 946 3205 veritatis
970 3147 1005 3205 et
1023 3140 1159 3225 justitia
1180 3139 1410 3218 laborantium,

355 3262 469 3306 censeo
491 3242 686 3307 referendas.
734 3242 862 3307 Horum
886 3263 980 3320 unus,
1005 3248 1040 3308 et
1062 3242 1188 3309 auxilio
1212 3247 1323 3309 vestro
1338 3244 1410 3331 dig·

354 3344 519 3421 nissimus,
551 3351 603 3410 est
632 3345 786 3410 dominus
819 3344 1076 3423 Cantuan'ensis,
1104 3347 1162 3432 qui
1194 3366 1255 3432 pro
1286 3346 1410 3413 honore

355 3446 418 3510 Dei
445 3447 517 3533 jam
540 3447 754 3532 quinquenne
784 3447 922 3511 exilium
955 3448 1045 3533 apud
1082 3467 1142 3512 noe
1177 3434 1219 3511 in‘
1247 3449 1411 3534 patientia

357 3547 464 3612 multa
486 3549 687 3634 proscriptus
713 3549 850 3634 peragit.
912 3547 1123 3614 Periclitatur
1145 3547 1219 3614 est²
1250 3549 1410 3616 hactenus

357 3650 486 3714 saevitia
515 3654 733 3735 tyrannorum
764 3655 800 3715 et
829 3649 1014 3716 delatorum
1045 3649 1197 3728 insidiis;
1232 3651 1289 3716 sed
1320 3673 1410 3719 nunc

356 3751 491 3836 gravius
521 3751 728 3838 periclitatur
753 3772 774 3817 a
800 3751 890 3817 falsis
919 3750 1088 3829 fratribus,
1112 3770 1252 3838 quorum
1283 3753 1410 3838 primus

358 3850 430 3917 est³
456 3854 512 3919 ille
535 3854 784 3930 Londoniensia
808 3854 864 3939 qui
893 3853 956 3918 sub
979 3853 1125 3940 episcopi
1157 3857 1301 3932 nomine,
1323 3855 1412 3923 sicut

357 3977 398 4019 ex
422 3956 542 4023 litteris
566 3956 692 4021 domini
715 3955 913 4021 Senonensis
935 3954 1067 4040 plenius
1089 3954 1281 4033 innotescet,
1304 3957 1408 4042 parri·
1437 4038 1444 4049 .

357 4057 488 4123 eidam⁴
510 4058 669 4144 exprimit
698 4058 867 4123 furiosum.
925 4056 1058 4123 Placeat
1088 4057 1202 4143 itaque
1236 4058 1408 4125 sanctitati

357 4165 486 4237 vestrae,
521 4160 616 4245 cujus
652 4159 914 4226 incolumitatem
952 4158 1116 4244 propitius
1153 4158 1297 4225 ecclesiae
1339 4182 1408 4226 suae

356 4267 550 4347 perpetuare
589 4262 746 4348 dignetur
789 4260 963 4338 Dominae,
1005 4265 1074 4326 tam
1111 4260 1286 4346 praefatum
1322 4263 1409 4348 epis-

356 4385 473 4449 copum
495 4385 594 4449 quam
613 4364 705 4442 alios,
725 4385 807 4450 quos
830 4362 983 4429 dominus
1000 4362 1257 4441 Cantuarieneis
1274 4363 1408 4451 exigen-

388 4643 395 4675 ¹
414 4642 520 4704 toneris,
532 4645 565 4693 A.
935 4642 946 4675 ³
964 4649 1010 4701 ert,
1021 4657 1071 4693 om.
1083 4641 1112 4691 L.

386 4721 397 4753 ²
413 4730 458 4782 erl,
469 4737 518 4773 om.
531 4720 564 4771 L.
937 4722 946 4752 ⁴
965 4720 1097 4785 quendam,
1109 4722 1134 4771 Z.
