3278 5662
388 756 453 818 214
840 770 1019 820 ameroan.
1043 797 1048 805 ·
1243 755 1323 839 [ao.
1338 752 1436 823 1170.

220 963 360 1040 announc-
434 956 576 1022 Noverit
598 955 764 1021 industria
778 959 890 1020 vestra
913 955 1001 1039 quod
1024 974 1083 1019 nos
1099 954 1304 1020 venerabiles
1319 953 1437 1020 fratres

220 1029 338 1145 ssssffiffl,
388 1062 517 1122 nostros
549 1056 733 1122 Rotrodum
766 1054 1066 1142 Rothomagensem
1098 1055 1379 1141 arehiepiscopum
1403 1059 1438 1119 et

221 1164 286 1210 sion.
389 1158 594 1224 Bernardum
625 1157 865 1224 Nivernensem
897 1157 1085 1244 episcopum
1107 1156 1152 1223 ed
1182 1157 1344 1222 illustrem
1367 1156 1436 1221 An-

388 1258 517 1345 glorum
539 1280 658 1345 regem,
681 1279 741 1344 pro
773 1279 853 1343 pace
875 1262 910 1323 et
943 1256 1208 1324 reconciliatione
1239 1256 1437 1324 venerabilis

388 1358 500 1424 fratris
552 1359 657 1425 nostri
710 1358 845 1424 Thomae
899 1356 1148 1425 (lantuariensis
1192 1356 1437 1443 archiepiscopi,

357 1460 360 1467 ’
389 1461 636 1538 destinavimus,
659 1460 705 1526 eis
728 1461 846 1528 dantes
876 1461 913 1524 in
935 1460 1101 1529 mandatis
1124 1464 1159 1526 et
1181 1460 1320 1526 firmiter
1353 1480 1436 1545 prae·

390 1563 548 1648 cipiantes
586 1562 685 1648 quod,
731 1561 797 1628 nisi
831 1562 947 1628 idem¹
981 1583 1041 1626 rex
1073 1562 1116 1628 ad
1149 1583 1263 1648 paoem
1295 1565 1330 1627 et
1361 1581 1438 1626 con-

390 1665 543 1742 cordiem,
566 1664 745 1730 seeundum
768 1665 857 1750 quod
879 1665 974 1730 nobis
1004 1686 1064 1750 per
1093 1663 1222 1729 litteras
1245 1670 1280 1729 et
1301 1664 1437 1728 nuntios

391 1786 468 1831 suos
505 1766 668 1852 promisit,
706 1765 749 1830 ad
795 1765 1049 1832 comonitionem
1083 1763 1240 1830 illorum¹
1284 1764 1437 1830 inclinari

391 1867 546 1954 potuerit,
581 1871 686 1932 totsm
719 1871 841 1931 terram
875 1866 946 1952 ejus
969 1863 1069 1953 quae³
1103 1888 1203 1954 regno
1237 1867 1438 1932 Francorum

391 1968 552 2045 consistit,
573 1968 663 2033 omni
695 1967 956 2035 contradictione
989 1973 1025 2034 et
1058 1967 1279 2057 appellatione
1302 1973 1438 2045 remota,

392 2070 571 2155 subjiciant
600 2069 787 2146 interdicto,
814 2074 850 2135 et
881 2069 918 2134 in
950 2091 990 2136 ea
1024 2069 1136 2139 omnia
1167 2069 1284 2135 divina
1317 2075 1439 2155 praeter

391 2172 557 2258 baptisma
579 2170 791 2257 parvulomm
823 2176 858 2236 et
886 2171 1100 2258 poenitentias
1130 2172 1341 2238 morientium
1363 2191 1439 2257 pro·

391 2272 529 2338 hibeant
566 2271 731 2339 celebrari.
778 2273 860 2339 Inde
897 2273 1062 2358 siquidem
1099 2277 1150 2340 est
1183 2273 1271 2359 quod
1306 2273 1438 2338 univer-

393 2375 486 2440 sitati
509 2380 638 2454 vestre,
660 2397 720 2461 per
742 2375 923 2461 apostolica
949 2376 1073 2461 scripta
1094 2376 1323 2462 praecipiendo,
1346 2396 1439 2440 man-

393 2478 517 2553 damus,
549 2483 583 2541 et
620 2475 682 2541 sub
719 2496 820 2562 poena
857 2476 982 2541 ordinis
1020 2483 1055 2542 et
1092 2475 1199 2554 officii,
1237 2477 1274 2541 in
1310 2476 1439 2542 virtute
1543 2551 1551 2559 ,

393 2577 597 2654 obedientiae,
627 2576 722 2641 vobis
760 2577 977 2663 injungimus,
1016 2576 1205 2662 quatenus⁴
1242 2578 1441 2642 sententiam

394 2700 492 2765 quom
537 2677 824 2764 praenominatus⁶
870 2677 1120 2744 Cantuariensis
1159 2679 1195 2744 in
1237 2678 1440 2764 provinciam

393 2802 486 2845 suam
525 2800 622 2865 super
655 2779 716 2844 hoe
748 2777 887 2856 tulerit,⁶
919 2779 1044 2843 nullius
1079 2779 1206 2859 timore,
1239 2780 1355 2865 gratie,
1386 2780 1440 2844 vel

393 2881 614 2967 prohibitione
637 2880 798 2956 obstante,
822 2901 882 2966 per
904 2886 1032 2945 vestras
1062 2880 1242 2966 parochias,
1264 2880 1354 2945 omni
1384 2902 1441 2945 ex-

393 2984 561 3049 cusatione
584 2987 618 3047 et
651 2982 874 3068 appellatione
909 2987 1046 3059 remota,
1078 2983 1218 3046 firmiter
1251 2983 1443 3059 observetis,
1494 2974 1497 2981 ’

394 3091 428 3149 et
450 3085 493 3151 ab
515 3083 668 3149 omnibus
691 3082 831 3160 faciatis,
855 3087 1019 3167 quantum
1053 3083 1089 3145 in
1112 3083 1208 3148 vobis
1231 3088 1289 3161 est,
1314 3082 1443 3148 irrefra-

393 3186 548 3272 gabiliter
569 3184 743 3249 observari.

414 3331 417 3336 -
440 3287 566 3350 Datum
591 3286 785 3360 Beneventi,
808 3284 1004 3351 duodecimo
1026 3285 1186 3379 kelandas
1209 3285 1331 3350 Martii.

428 3510 436 3542 ¹
455 3509 527 3570 idem,
539 3511 567 3560 Z.

426 3589 437 3620 ²
454 3587 561 3647 illorum,
571 3589 606 3647 Z;
623 3602 714 3647 mum,
725 3588 755 3637 L.

427 3666 438 3697 ³
455 3663 523 3713 oltra
535 3680 611 3727 more,
621 3664 663 3714 for
679 3666 705 3714 in
720 3681 796 3730 reyao
807 3664 893 3716 Fran·
975 3666 986 3698 ⁸
1004 3666 1029 3714 in
1101 3667 1107 3678 ‘

394 3759 485 3802 coruos,
496 3742 524 3792 Z.
