<?xml version="1.0" encoding="UTF-8"?>
<!DOCTYPE html PUBLIC "-//W3C//DTD XHTML 1.0 Transitional//EN"
    "http://www.w3.org/TR/xhtml1/DTD/xhtml1-transitional.dtd">
<html xmlns="http://www.w3.org/1999/xhtml" xml:lang="en" lang="en">
 <head>
  <title>
</title>
<meta http-equiv="Content-Type" content="text/html;charset=utf-8" />
  <meta name='ocr-system' content='tesseract 3.04.00' />
  <meta name='ocr-capabilities' content='ocr_page ocr_carea ocr_par ocr_line ocrx_word'/>
</head>
<body>
  <div class='ocr_page' id='page_1' title='image "./materialsforhis00robegoog/materialsforhis00robegoog_0585.png"; bbox 0 0 3278 5662; ppageno 0'>
   <div class='ocr_carea' id='block_1_1' title="bbox 412 784 1470 870">
    <p class='ocr_par' dir='ltr' id='par_1_1' title="bbox 412 784 1470 870">
     <span class='ocr_line' id='line_1_1' title="bbox 412 784 1470 870; baseline -0.005 -14"><span class='ocrx_word' id='word_1_1' title='bbox 412 793 476 859; x_wconf 79' lang='lat'><strong>562</strong></span> <span class='ocrx_word' id='word_1_2' title='bbox 844 801 1025 853; x_wconf 72' lang='lat' dir='ltr'><strong>amorosa.</strong></span> <span class='ocrx_word' id='word_1_3' title='bbox 1270 786 1352 870; x_wconf 75' lang='lat' dir='ltr'><strong>[an.</strong></span> <span class='ocrx_word' id='word_1_4' title='bbox 1369 784 1470 855; x_wconf 86' lang='grc'><strong>1176.</strong></span> 
     </span>
    </p>
   </div>
   <div class='ocr_carea' id='block_1_2' title="bbox 235 989 1591 4534">
    <p class='ocr_par' dir='ltr' id='par_1_2' title="bbox 235 989 1591 4534">
     <span class='ocr_line' id='line_1_2' title="bbox 412 989 1468 1072; baseline -0.005 -16"><span class='ocrx_word' id='word_1_5' title='bbox 412 991 610 1057; x_wconf 90' lang='lat' dir='ltr'><strong>maleficium</strong></span> <span class='ocrx_word' id='word_1_6' title='bbox 645 992 823 1056; x_wconf 88' lang='lat' dir='ltr'><strong>immanius</strong></span> <span class='ocrx_word' id='word_1_7' title='bbox 847 995 880 1055; x_wconf 86' lang='lat' dir='ltr'><strong>ct</strong></span> <span class='ocrx_word' id='word_1_8' title='bbox 914 990 1152 1057; x_wconf 73' lang='lat' dir='ltr'><strong>exsecrabilius</strong></span> <span class='ocrx_word' id='word_1_9' title='bbox 1185 989 1341 1064; x_wconf 88' lang='lat' dir='ltr'><strong>inveniri,</strong></span> <span class='ocrx_word' id='word_1_10' title='bbox 1365 1006 1468 1072; x_wconf 88' lang='lat' dir='ltr'><strong>quam</strong></span> 
     </span>
     <span class='ocr_line' id='line_1_3' title="bbox 409 1087 1469 1177; baseline -0.006 -21"><span class='ocrx_word' id='word_1_11' title='bbox 409 1092 551 1177; x_wconf 81' lang='lat' dir='ltr'><strong>grassari</strong></span> <span class='ocrx_word' id='word_1_12' title='bbox 585 1092 622 1154; x_wconf 92' lang='lat' dir='ltr'><strong>in</strong></span> <span class='ocrx_word' id='word_1_13' title='bbox 645 1091 782 1157; x_wconf 72' lang='lat' dir='ltr'><strong>christos</strong></span> <span class='ocrx_word' id='word_1_14' title='bbox 814 1090 958 1169; x_wconf 88' lang='lat' dir='ltr'>Domini,</span> <span class='ocrx_word' id='word_1_15' title='bbox 994 1095 1029 1157; x_wconf 89' lang='lat' dir='ltr'><strong>et</strong></span> <span class='ocrx_word' id='word_1_16' title='bbox 1062 1092 1098 1155; x_wconf 93' lang='lat' dir='ltr'><strong>in</strong></span> <span class='ocrx_word' id='word_1_17' title='bbox 1131 1090 1291 1176; x_wconf 93' lang='lat' dir='ltr'><strong>populum</strong></span> <span class='ocrx_word' id='word_1_18' title='bbox 1323 1087 1469 1173; x_wconf 86' lang='lat' dir='ltr'><strong>acquisi-</strong></span> 
     </span>
     <span class='ocr_line' id='line_1_4' title="bbox 410 1191 1470 1278; baseline -0.005 -20"><span class='ocrx_word' id='word_1_19' title='bbox 410 1193 511 1258; x_wconf 77' lang='lat' dir='ltr'>tionis</span> <span class='ocrx_word' id='word_1_20' title='bbox 545 1193 649 1258; x_wconf 90' lang='lat' dir='ltr'><strong>libera</strong></span> <span class='ocrx_word' id='word_1_21' title='bbox 681 1193 891 1278; x_wconf 88' lang='lat' dir='ltr'><strong>impunitatis</strong></span> <span class='ocrx_word' id='word_1_22' title='bbox 923 1193 1063 1259; x_wconf 90' lang='lat' dir='ltr'><strong>audacia</strong></span> <span class='ocrx_word' id='word_1_23' title='bbox 1100 1191 1249 1278; x_wconf 80' lang='lat' dir='ltr'>gladium</span> <span class='ocrx_word' id='word_1_24' title='bbox 1288 1192 1470 1255; x_wconf 72' lang='lat' dir='ltr'><strong>exerceret</strong></span> 
     </span>
     <span class='ocr_line' id='line_1_5' title="bbox 409 1291 1469 1381; baseline -0.003 -23"><span class='ocrx_word' id='word_1_25' title='bbox 409 1295 557 1381; x_wconf 86' lang='lat' dir='ltr'><strong>Accepta</strong></span> <span class='ocrx_word' id='word_1_26' title='bbox 588 1295 671 1359; x_wconf 92' lang='lat' dir='ltr'><strong>mihi</strong></span> <span class='ocrx_word' id='word_1_27' title='bbox 711 1302 796 1361; x_wconf 91' lang='lat' dir='ltr'><strong>esset</strong></span> <span class='ocrx_word' id='word_1_28' title='bbox 815 1296 1001 1366; x_wconf 83' lang='lat' dir='ltr'><strong>,sententia</strong></span> <span class='ocrx_word' id='word_1_29' title='bbox 1039 1292 1391 1361; x_wconf 76' lang='lat' dir='ltr'><strong>excommunicationis</strong></span> <span class='ocrx_word' id='word_1_30' title='bbox 1430 1291 1469 1355; x_wconf 90' lang='lat' dir='ltr'><strong>in</strong></span> 
     </span>
     <span class='ocr_line' id='line_1_6' title="bbox 409 1392 1463 1479; baseline -0.007 -16"><span class='ocrx_word' id='word_1_31' title='bbox 409 1398 542 1476; x_wconf 87' lang='lat' dir='ltr'><strong>talibus,</strong></span> <span class='ocrx_word' id='word_1_32' title='bbox 576 1399 604 1463; x_wconf 91' lang='lat' dir='ltr'><strong>si</strong></span> <span class='ocrx_word' id='word_1_33' title='bbox 638 1398 790 1463; x_wconf 86' lang='lat' dir='ltr'><strong>timorem</strong></span> <span class='ocrx_word' id='word_1_34' title='bbox 822 1398 996 1464; x_wconf 88' lang='lat' dir='ltr'><strong>homicidis</strong></span> <span class='ocrx_word' id='word_1_35' title='bbox 1030 1399 1205 1465; x_wconf 78' lang='lat' dir='ltr'><strong>incuteret.</strong></span> <span class='ocrx_word' id='word_1_36' title='bbox 1252 1396 1328 1473; x_wconf 86' lang='lat' dir='ltr'><strong>Sed,</strong></span> <span class='ocrx_word' id='word_1_37' title='bbox 1352 1392 1463 1479; x_wconf 87' lang='lat' dir='ltr'><strong>culpis</strong></span> 
     </span>
     <span class='ocr_line' id='line_1_7' title="bbox 409 1497 1465 1586; baseline -0.003 -24"><span class='ocrx_word' id='word_1_38' title='bbox 409 1501 533 1564; x_wconf 89' lang='lat' dir='ltr'><strong>nostris</strong></span> <span class='ocrx_word' id='word_1_39' title='bbox 550 1499 770 1586; x_wconf 81' lang='lat' dir='ltr'><strong>exigentibus,</strong></span> <span class='ocrx_word' id='word_1_40' title='bbox 793 1499 923 1585; x_wconf 77' lang='lat' dir='ltr'><strong>gladius</strong></span> <span class='ocrx_word' id='word_1_41' title='bbox 940 1498 1030 1564; x_wconf 87' lang='lat' dir='ltr'><strong>Petri</strong></span> <span class='ocrx_word' id='word_1_42' title='bbox 1053 1499 1208 1584; x_wconf 85' lang='lat' dir='ltr'><strong>rubigine</strong></span> <span class='ocrx_word' id='word_1_43' title='bbox 1224 1497 1386 1564; x_wconf 89' lang='lat' dir='ltr'><strong>obductus</strong></span> <span class='ocrx_word' id='word_1_44' title='bbox 1402 1501 1465 1570; x_wconf 86' lang='lat' dir='ltr'><strong>est,</strong></span> 
     </span>
     <span class='ocr_line' id='line_1_8' title="bbox 410 1600 1463 1687; baseline -0.004 -23"><span class='ocrx_word' id='word_1_45' title='bbox 410 1604 444 1664; x_wconf 88' lang='lat' dir='ltr'><strong>ct</strong></span> <span class='ocrx_word' id='word_1_46' title='bbox 467 1602 634 1686; x_wconf 90' lang='lat' dir='ltr'><strong>quianon</strong></span> <span class='ocrx_word' id='word_1_47' title='bbox 657 1604 766 1687; x_wconf 88' lang='lat' dir='ltr'><strong>potest</strong></span> <span class='ocrx_word' id='word_1_48' title='bbox 789 1601 941 1679; x_wconf 87' lang='lat' dir='ltr'><strong>incidere,</strong></span> <span class='ocrx_word' id='word_1_49' title='bbox 965 1601 1064 1666; x_wconf 87' lang='lat' dir='ltr'><strong>datus</strong></span> <span class='ocrx_word' id='word_1_50' title='bbox 1086 1606 1137 1665; x_wconf 90' lang='lat' dir='ltr'><strong>est</strong></span> <span class='ocrx_word' id='word_1_51' title='bbox 1166 1600 1203 1664; x_wconf 94' lang='lat' dir='ltr'><strong>in</strong></span> <span class='ocrx_word' id='word_1_52' title='bbox 1225 1603 1463 1683; x_wconf 87' lang='lat' dir='ltr'><strong>contemptum.</strong></span> 
     </span>
     <span class='ocr_line' id='line_1_9' title="bbox 409 1700 1465 1787; baseline -0.004 -20"><span class='ocrx_word' id='word_1_53' title='bbox 409 1701 446 1767; x_wconf 83' lang='lat' dir='ltr'><strong>Si</strong></span> <span class='ocrx_word' id='word_1_54' title='bbox 478 1722 584 1787; x_wconf 88' lang='lat' dir='ltr'><strong>capra,</strong></span> <span class='ocrx_word' id='word_1_55' title='bbox 617 1703 644 1766; x_wconf 93' lang='lat' dir='ltr'><strong>si</strong></span> <span class='ocrx_word' id='word_1_56' title='bbox 680 1702 818 1780; x_wconf 83' lang='lat' dir='ltr'><strong>ovicula,</strong></span> <span class='ocrx_word' id='word_1_57' title='bbox 852 1702 942 1768; x_wconf 88' lang='lat' dir='ltr'><strong>furto</strong></span> <span class='ocrx_word' id='word_1_58' title='bbox 966 1702 1097 1767; x_wconf 80' lang='lat' dir='ltr'><strong>sublate</strong></span> <span class='ocrx_word' id='word_1_59' title='bbox 1128 1701 1173 1766; x_wconf 86' lang='lat' dir='ltr'><strong>sit</strong></span> <span class='ocrx_word' id='word_1_60' title='bbox 1204 1701 1259 1767; x_wconf 90' lang='lat' dir='ltr'><strong>vcl</strong></span> <span class='ocrx_word' id='word_1_61' title='bbox 1290 1700 1403 1776; x_wconf 84' lang='lat' dir='ltr'><strong>occisa,</strong></span> <span class='ocrx_word' id='word_1_62' title='bbox 1428 1700 1465 1763; x_wconf 90' lang='lat' dir='ltr'><strong>in</strong></span> 
     </span>
     <span class='ocr_line' id='line_1_10' title="bbox 408 1802 1463 1888; baseline -0.001 -22"><span class='ocrx_word' id='word_1_63' title='bbox 408 1802 508 1888; x_wconf 88' lang='lat' dir='ltr'><strong>hujus</strong></span> <span class='ocrx_word' id='word_1_64' title='bbox 539 1803 587 1868; x_wconf 89' lang='lat' dir='ltr'><strong>rei</strong></span> <span class='ocrx_word' id='word_1_65' title='bbox 621 1808 798 1882; x_wconf 80' lang='lat' dir='ltr'><strong>auctorem,</strong></span> <span class='ocrx_word' id='word_1_66' title='bbox 829 1805 858 1869; x_wconf 89' lang='lat' dir='ltr'><strong>si</strong></span> <span class='ocrx_word' id='word_1_67' title='bbox 892 1805 1004 1881; x_wconf 85' lang='lat' dir='ltr'><strong>lateat,</strong></span> <span class='ocrx_word' id='word_1_68' title='bbox 1038 1803 1205 1869; x_wconf 86' lang='lat' dir='ltr'><strong>sententia</strong></span> <span class='ocrx_word' id='word_1_69' title='bbox 1236 1803 1463 1869; x_wconf 84' lang='lat' dir='ltr'><strong>excommuni-</strong></span> 
     </span>
     <span class='ocr_line' id='line_1_11' title="bbox 407 1902 1466 1985; baseline -0.005 -15"><span class='ocrx_word' id='word_1_70' title='bbox 407 1904 546 1970; x_wconf 84' lang='lat' dir='ltr'><strong>cationis</strong></span> <span class='ocrx_word' id='word_1_71' title='bbox 579 1905 767 1985; x_wconf 83' lang='lat' dir='ltr'><strong>cmittitur3</strong></span> <span class='ocrx_word' id='word_1_72' title='bbox 796 1907 968 1973; x_wconf 88' lang='lat' dir='ltr'><strong>convictus</strong></span> <span class='ocrx_word' id='word_1_73' title='bbox 999 1926 1078 1970; x_wconf 89' lang='lat' dir='ltr'><strong>vero</strong></span> <span class='ocrx_word' id='word_1_74' title='bbox 1111 1909 1171 1971; x_wconf 88' lang='lat' dir='ltr'><strong>aut</strong></span> <span class='ocrx_word' id='word_1_75' title='bbox 1193 1903 1360 1970; x_wconf 79' lang='lat' dir='ltr'><strong>confessus</strong></span> <span class='ocrx_word' id='word_1_76' title='bbox 1395 1902 1466 1966; x_wconf 86' lang='lat' dir='ltr'><strong>fur-</strong></span> 
     </span>
     <span class='ocr_line' id='line_1_12' title="bbox 407 2005 1463 2094; baseline -0.003 -24"><span class='ocrx_word' id='word_1_77' title='bbox 407 2026 525 2080; x_wconf 23' lang='lat' dir='ltr'><strong>carum,</strong></span> <span class='ocrx_word' id='word_1_78' title='bbox 554 2007 704 2090; x_wconf 88' lang='lat' dir='ltr'><strong>patibulo</strong></span> <span class='ocrx_word' id='word_1_79' title='bbox 727 2008 914 2094; x_wconf 86' lang='lat' dir='ltr'><strong>deputatur.</strong></span> <span class='ocrx_word' id='word_1_80' title='bbox 962 2007 1063 2074; x_wconf 89' lang='lat' dir='ltr'><strong>Porro</strong></span> <span class='ocrx_word' id='word_1_81' title='bbox 1097 2006 1205 2074; x_wconf 90' lang='lat' dir='ltr'><strong>clerici</strong></span> <span class='ocrx_word' id='word_1_82' title='bbox 1229 2005 1283 2071; x_wconf 88' lang='lat' dir='ltr'><strong>vel</strong></span> <span class='ocrx_word' id='word_1_83' title='bbox 1316 2005 1463 2091; x_wconf 85' lang='lat' dir='ltr'><strong>episcopi</strong></span> 
     </span>
     <span class='ocr_line' id='line_1_13' title="bbox 408 2107 1463 2194; baseline -0.002 -22"><span class='ocrx_word' id='word_1_84' title='bbox 408 2107 563 2172; x_wconf 84' lang='lat' dir='ltr'><strong>occisores</strong></span> <span class='ocrx_word' id='word_1_85' title='bbox 586 2108 726 2174; x_wconf 85' lang='lat' dir='ltr'><strong>Romam</strong></span> <span class='ocrx_word' id='word_1_86' title='bbox 760 2107 951 2187; x_wconf 88' lang='lat' dir='ltr'><strong>mittuntur,</strong></span> <span class='ocrx_word' id='word_1_87' title='bbox 975 2114 1154 2194; x_wconf 89' lang='lat' dir='ltr'><strong>euntesque</strong></span> <span class='ocrx_word' id='word_1_88' title='bbox 1177 2109 1214 2172; x_wconf 91' lang='lat' dir='ltr'><strong>in</strong></span> <span class='ocrx_word' id='word_1_89' title='bbox 1236 2107 1363 2173; x_wconf 86' lang='lat' dir='ltr'><strong>deliciis</strong></span> <span class='ocrx_word' id='word_1_90' title='bbox 1386 2127 1463 2172; x_wconf 91' lang='lat' dir='ltr'><strong>cum</strong></span> 
     </span>
     <span class='ocr_line' id='line_1_14' title="bbox 407 2208 1461 2299; baseline 0 -28"><span class='ocrx_word' id='word_1_91' title='bbox 407 2209 616 2294; x_wconf 88' lang='lat' dir='ltr'><strong>plenitudine</strong></span> <span class='ocrx_word' id='word_1_92' title='bbox 648 2212 836 2296; x_wconf 82' lang='lat' dir='ltr'><strong>apostolicos</strong></span> <span class='ocrx_word' id='word_1_93' title='bbox 869 2212 986 2299; x_wconf 82' lang='lat' dir='ltr'><strong>gratiae</strong></span> <span class='ocrx_word' id='word_1_94' title='bbox 1019 2215 1054 2277; x_wconf 90' lang='lat' dir='ltr'><strong>et</strong></span> <span class='ocrx_word' id='word_1_95' title='bbox 1084 2210 1209 2296; x_wconf 90' lang='lat' dir='ltr'><strong>majore</strong></span> <span class='ocrx_word' id='word_1_96' title='bbox 1241 2208 1461 2294; x_wconf 88' lang='lat' dir='ltr'><strong>delinquendi</strong></span> 
     </span>
     <span class='ocr_line' id='line_1_15' title="bbox 407 2311 1460 2379; baseline -0.002 -4"><span class='ocrx_word' id='word_1_97' title='bbox 407 2311 548 2377; x_wconf 87' lang='lat' dir='ltr'><strong>audacia</strong></span> <span class='ocrx_word' id='word_1_98' title='bbox 591 2317 813 2379; x_wconf 88' lang='lat' dir='ltr'><strong>revertuntur.</strong></span> <span class='ocrx_word' id='word_1_99' title='bbox 870 2314 1002 2378; x_wconf 83' lang='lat' dir='ltr'><strong>Talium</strong></span> <span class='ocrx_word' id='word_1_100' title='bbox 1041 2311 1225 2378; x_wconf 85' lang='lat' dir='ltr'><strong>vindictam</strong></span> <span class='ocrx_word' id='word_1_101' title='bbox 1263 2331 1460 2376; x_wconf 88' lang='lat' dir='ltr'><strong>excessuum</strong></span> 
     </span>
     <span class='ocr_line' id='line_1_16' title="bbox 408 2411 1460 2492; baseline 0.002 -17"><span class='ocrx_word' id='word_1_102' title='bbox 408 2411 562 2477; x_wconf 91' lang='lat' dir='ltr'><strong>dominus</strong></span> <span class='ocrx_word' id='word_1_103' title='bbox 584 2436 645 2478; x_wconf 84' lang='lat' dir='ltr'><strong>rex</strong></span> <span class='ocrx_word' id='word_1_104' title='bbox 668 2414 732 2479; x_wconf 90' lang='lat' dir='ltr'><strong>sibi</strong></span> <span class='ocrx_word' id='word_1_105' title='bbox 755 2415 914 2492; x_wconf 86' lang='lat' dir='ltr'><strong>vindicat,</strong></span> <span class='ocrx_word' id='word_1_106' title='bbox 938 2416 995 2480; x_wconf 88' lang='lat' dir='ltr'><strong>sed</strong></span> <span class='ocrx_word' id='word_1_107' title='bbox 1026 2434 1086 2480; x_wconf 84' lang='lat' dir='ltr'><strong>nos</strong></span> <span class='ocrx_word' id='word_1_108' title='bbox 1109 2434 1182 2480; x_wconf 86' lang='lat' dir='ltr'><strong>eam</strong></span> <span class='ocrx_word' id='word_1_109' title='bbox 1204 2412 1300 2479; x_wconf 90' lang='lat' dir='ltr'><strong>nobis</strong></span> <span class='ocrx_word' id='word_1_110' title='bbox 1322 2413 1460 2478; x_wconf 87' lang='lat' dir='ltr'><strong>damna·</strong></span> 
     </span>
     <span class='ocr_line' id='line_1_17' title="bbox 406 2514 1591 2602; baseline 0.001 -25"><span class='ocrx_word' id='word_1_111' title='bbox 406 2514 519 2580; x_wconf 90' lang='lat' dir='ltr'><strong>biliter</strong></span> <span class='ocrx_word' id='word_1_112' title='bbox 551 2537 767 2594; x_wconf 88' lang='lat' dir='ltr'><strong>reservamus,</strong></span> <span class='ocrx_word' id='word_1_113' title='bbox 791 2521 902 2602; x_wconf 88' lang='lat' dir='ltr'><strong>atquc,</strong></span> <span class='ocrx_word' id='word_1_114' title='bbox 935 2517 1073 2582; x_wconf 86' lang='lat' dir='ltr'><strong>liberam</strong></span> <span class='ocrx_word' id='word_1_115' title='bbox 1103 2516 1288 2601; x_wconf 84' lang='lat' dir='ltr'><strong>praebentes</strong></span> <span class='ocrx_word' id='word_1_116' title='bbox 1314 2515 1462 2601; x_wconf 85' lang='lat' dir='ltr'><strong>impuni-</strong></span> <span class='ocrx_word' id='word_1_117' title='bbox 1587 2538 1591 2547; x_wconf 63' lang='lat'><em>¹</em></span> 
     </span>
     <span class='ocr_line' id='line_1_18' title="bbox 405 2616 1461 2702; baseline 0.002 -22"><span class='ocrx_word' id='word_1_118' title='bbox 405 2616 487 2680; x_wconf 86' lang='lat' dir='ltr'><strong>tatis</strong></span> <span class='ocrx_word' id='word_1_119' title='bbox 524 2617 706 2694; x_wconf 89' lang='lat' dir='ltr'><strong>materiam,</strong></span> <span class='ocrx_word' id='word_1_120' title='bbox 745 2616 782 2681; x_wconf 93' lang='lat' dir='ltr'><strong>in</strong></span> <span class='ocrx_word' id='word_1_121' title='bbox 818 2617 928 2683; x_wconf 86' lang='lat' dir='ltr'><strong>fauces</strong></span> <span class='ocrx_word' id='word_1_122' title='bbox 966 2624 1097 2683; x_wconf 88' lang='lat' dir='ltr'><strong>nostras</strong></span> <span class='ocrx_word' id='word_1_123' title='bbox 1135 2617 1294 2684; x_wconf 86' lang='lat' dir='ltr'><strong>laicorum</strong></span> <span class='ocrx_word' id='word_1_124' title='bbox 1330 2616 1461 2702; x_wconf 86' lang='lat' dir='ltr'><strong>gladios</strong></span> 
     </span>
     <span class='ocr_line' id='line_1_19' title="bbox 406 2718 1460 2804; baseline 0.002 -25"><span class='ocrx_word' id='word_1_125' title='bbox 406 2737 630 2799; x_wconf 89' lang='lat' dir='ltr'><strong>provocamus.</strong></span> <span class='ocrx_word' id='word_1_126' title='bbox 679 2718 940 2804; x_wconf 91' lang='lat' dir='ltr'><strong>Ignominiosum</strong></span> <span class='ocrx_word' id='word_1_127' title='bbox 972 2724 1023 2783; x_wconf 87' lang='lat' dir='ltr'><strong>est</strong></span> <span class='ocrx_word' id='word_1_128' title='bbox 1057 2718 1146 2802; x_wconf 91' lang='lat' dir='ltr'><strong>quod</strong></span> <span class='ocrx_word' id='word_1_129' title='bbox 1179 2738 1240 2804; x_wconf 91' lang='lat' dir='ltr'><strong>pro</strong></span> <span class='ocrx_word' id='word_1_130' title='bbox 1272 2738 1370 2803; x_wconf 87' lang='lat' dir='ltr'><strong>capra</strong></span> <span class='ocrx_word' id='word_1_131' title='bbox 1404 2718 1460 2783; x_wconf 88' lang='lat' dir='ltr'><strong>vel</strong></span> 
     </span>
     <span class='ocr_line' id='line_1_20' title="bbox 406 2818 1461 2907; baseline 0.001 -24"><span class='ocrx_word' id='word_1_132' title='bbox 406 2818 536 2885; x_wconf 89' lang='lat' dir='ltr'><strong>ovicula</strong></span> <span class='ocrx_word' id='word_1_133' title='bbox 558 2820 699 2905; x_wconf 89' lang='lat' dir='ltr'><strong>gravior,</strong></span> <span class='ocrx_word' id='word_1_134' title='bbox 734 2841 793 2907; x_wconf 87' lang='lat' dir='ltr'><strong>pro</strong></span> <span class='ocrx_word' id='word_1_135' title='bbox 824 2821 990 2886; x_wconf 86' lang='lat' dir='ltr'><strong>sacerdote</strong></span> <span class='ocrx_word' id='word_1_136' title='bbox 1022 2821 1127 2887; x_wconf 88' lang='lat' dir='ltr'><strong>occiso</strong></span> <span class='ocrx_word' id='word_1_137' title='bbox 1161 2841 1260 2907; x_wconf 88' lang='lat' dir='ltr'><strong>poena</strong></span> <span class='ocrx_word' id='word_1_138' title='bbox 1293 2820 1461 2886; x_wconf 87' lang='lat' dir='ltr'><strong>remissior</strong></span> 
     </span>
     <span class='ocr_line' id='line_1_21' title="bbox 406 2919 1460 3007; baseline 0.004 -25"><span class='ocrx_word' id='word_1_139' title='bbox 406 2919 581 3007; x_wconf 88' lang='lat' dir='ltr'><strong>irrogatur.</strong></span> <span class='ocrx_word' id='word_1_140' title='bbox 628 2920 695 2987; x_wconf 87' lang='lat' dir='ltr'><strong>Sed</strong></span> <span class='ocrx_word' id='word_1_141' title='bbox 725 2920 779 2985; x_wconf 87' lang='lat' dir='ltr'><strong>his</strong></span> <span class='ocrx_word' id='word_1_142' title='bbox 810 2926 845 2987; x_wconf 89' lang='lat' dir='ltr'><strong>et</strong></span> <span class='ocrx_word' id='word_1_143' title='bbox 867 2920 1084 2986; x_wconf 87' lang='lat' dir='ltr'><strong>deterioribus</strong></span> <span class='ocrx_word' id='word_1_144' title='bbox 1119 2919 1213 3007; x_wconf 88' lang='lat' dir='ltr'><strong>digni</strong></span> <span class='ocrx_word' id='word_1_145' title='bbox 1246 2942 1368 2999; x_wconf 90' lang='lat' dir='ltr'><strong>sumus,</strong></span> <span class='ocrx_word' id='word_1_146' title='bbox 1399 2923 1460 3007; x_wconf 92' lang='lat' dir='ltr'><strong>qui</strong></span> 
     </span>
     <span class='ocr_line' id='line_1_22' title="bbox 400 3022 1458 3107; baseline 0.001 -21"><span class='ocrx_word' id='word_1_147' title='bbox 400 3022 667 3107; x_wconf 90' lang='lat' dir='ltr'><strong>jurisdictionem</strong></span> <span class='ocrx_word' id='word_1_148' title='bbox 705 3022 848 3089; x_wconf 89' lang='lat' dir='ltr'><strong>alienam</strong></span> <span class='ocrx_word' id='word_1_149' title='bbox 887 3030 921 3089; x_wconf 90' lang='lat' dir='ltr'><strong>et</strong></span> <span class='ocrx_word' id='word_1_150' title='bbox 967 3023 1062 3089; x_wconf 90' lang='lat' dir='ltr'><strong>nobis</strong></span> <span class='ocrx_word' id='word_1_151' title='bbox 1100 3023 1234 3088; x_wconf 90' lang='lat' dir='ltr'><strong>omnino</strong></span> <span class='ocrx_word' id='word_1_152' title='bbox 1272 3022 1458 3088; x_wconf 84' lang='lat' dir='ltr'><strong>indebitam</strong></span> 
     </span>
     <span class='ocr_line' id='line_1_23' title="bbox 404 3125 1458 3212; baseline 0.001 -21"><span class='ocrx_word' id='word_1_153' title='bbox 404 3126 585 3191; x_wconf 87' lang='lat' dir='ltr'><strong>ambitione</strong></span> <span class='ocrx_word' id='word_1_154' title='bbox 609 3125 786 3191; x_wconf 83' lang='lat' dir='ltr'><strong>temeraria</strong></span> <span class='ocrx_word' id='word_1_155' title='bbox 818 3146 1024 3212; x_wconf 86' lang='lat' dir='ltr'><strong>usurpamus.</strong></span> <span class='ocrx_word' id='word_1_156' title='bbox 1071 3125 1159 3190; x_wconf 90' lang='lat' dir='ltr'><strong>Nam</strong></span> <span class='ocrx_word' id='word_1_157' title='bbox 1190 3130 1225 3191; x_wconf 92' lang='lat' dir='ltr'><strong>et</strong></span> <span class='ocrx_word' id='word_1_158' title='bbox 1256 3126 1292 3189; x_wconf 92' lang='lat' dir='ltr'><strong>in</strong></span> <span class='ocrx_word' id='word_1_159' title='bbox 1322 3146 1458 3211; x_wconf 86' lang='lat' dir='ltr'><strong>corpore</strong></span> 
     </span>
     <span class='ocr_line' id='line_1_24' title="bbox 404 3227 1458 3314; baseline 0.003 -24"><span class='ocrx_word' id='word_1_160' title='bbox 404 3227 608 3293; x_wconf 87' lang='lat' dir='ltr'><strong>decretorum</strong></span> <span class='ocrx_word' id='word_1_161' title='bbox 631 3234 665 3292; x_wconf 90' lang='lat' dir='ltr'><strong>et</strong></span> <span class='ocrx_word' id='word_1_162' title='bbox 687 3228 723 3291; x_wconf 92' lang='lat' dir='ltr'><strong>in</strong></span> <span class='ocrx_word' id='word_1_163' title='bbox 745 3227 885 3314; x_wconf 89' lang='lat' dir='ltr'><strong>epistola</strong></span> <span class='ocrx_word' id='word_1_164' title='bbox 907 3228 951 3292; x_wconf 90' lang='lat' dir='ltr'><strong>ad</strong></span> <span class='ocrx_word' id='word_1_165' title='bbox 984 3227 1149 3292; x_wconf 87' lang='lat' dir='ltr'><strong>Romanos</strong></span> <span class='ocrx_word' id='word_1_166' title='bbox 1181 3227 1250 3293; x_wconf 76' lang='lat' dir='ltr'><strong>hac</strong></span> <span class='ocrx_word' id='word_1_167' title='bbox 1272 3227 1374 3292; x_wconf 86' lang='lat' dir='ltr'><strong>verba</strong></span> <span class='ocrx_word' id='word_1_168' title='bbox 1395 3249 1458 3293; x_wconf 90' lang='lat' dir='ltr'><strong>nos</strong></span> 
     </span>
     <span class='ocr_line' id='line_1_25' title="bbox 236 3318 1459 3448; baseline 0.003 -57"><span class='ocrx_word' id='word_1_169' title='bbox 236 3318 357 3448; x_wconf 44' lang='lat' dir='ltr'><strong>355ng</strong></span> <span class='ocrx_word' id='word_1_170' title='bbox 403 3327 520 3413; x_wconf 87' lang='lat' dir='ltr'><strong>legisse</strong></span> <span class='ocrx_word' id='word_1_171' title='bbox 553 3329 779 3393; x_wconf 90' lang='lat' dir='ltr'><strong>meminimus:</strong></span> <span class='ocrx_word' id='word_1_172' title='bbox 817 3329 933 3394; x_wconf 85' lang='lat' dir='ltr'><strong>“Sunt</strong></span> <span class='ocrx_word' id='word_1_173' title='bbox 962 3329 1115 3413; x_wconf 83' lang='lat' dir='ltr'><strong>quaedam</strong></span> <span class='ocrx_word' id='word_1_174' title='bbox 1150 3329 1296 3395; x_wconf 88' lang='lat' dir='ltr'><strong>enormia</strong></span> <span class='ocrx_word' id='word_1_175' title='bbox 1327 3329 1459 3415; x_wconf 86' lang='lat' dir='ltr'><strong>flagitia</strong></span> 
     </span>
     <span class='ocr_line' id='line_1_26' title="bbox 235 3422 1456 3516; baseline 0.004 -24"><span class='ocrx_word' id='word_1_176' title='bbox 235 3422 297 3502; x_wconf 71' lang='lat' dir='ltr'><strong>riui.</strong></span> <span class='ocrx_word' id='word_1_177' title='bbox 311 3453 347 3503; x_wconf 90' lang='lat'><strong>11.</strong></span> <span class='ocrx_word' id='word_1_178' title='bbox 403 3437 421 3463; x_wconf 89' lang='lat'><em>“</em></span> <span class='ocrx_word' id='word_1_179' title='bbox 443 3452 519 3514; x_wconf 76' lang='lat' dir='ltr'><strong>quse</strong></span> <span class='ocrx_word' id='word_1_180' title='bbox 550 3430 661 3515; x_wconf 90' lang='lat' dir='ltr'><strong>potius</strong></span> <span class='ocrx_word' id='word_1_181' title='bbox 693 3451 753 3514; x_wconf 87' lang='lat' dir='ltr'><strong>per</strong></span> <span class='ocrx_word' id='word_1_182' title='bbox 783 3431 899 3494; x_wconf 92' lang='lat' dir='ltr'><strong>mundi</strong></span> <span class='ocrx_word' id='word_1_183' title='bbox 927 3429 1057 3515; x_wconf 87' lang='lat' dir='ltr'><strong>judices</strong></span> <span class='ocrx_word' id='word_1_184' title='bbox 1080 3451 1180 3515; x_wconf 90' lang='lat' dir='ltr'><strong>quam</strong></span> <span class='ocrx_word' id='word_1_185' title='bbox 1210 3452 1269 3516; x_wconf 88' lang='lat' dir='ltr'><strong>per</strong></span> <span class='ocrx_word' id='word_1_186' title='bbox 1292 3432 1456 3497; x_wconf 85' lang='lat' dir='ltr'><strong>rectorcs¹</strong></span> 
     </span>
     <span class='ocr_line' id='line_1_27' title="bbox 236 3521 1456 3617; baseline 0.001 -21"><span class='ocrx_word' id='word_1_187' title='bbox 236 3521 419 3580; x_wconf 65' lang='lat' dir='ltr'><strong>¹¹lfi·⁵’³⁹·“</strong></span> <span class='ocrx_word' id='word_1_188' title='bbox 444 3538 478 3597; x_wconf 90' lang='lat' dir='ltr'><strong>et</strong></span> <span class='ocrx_word' id='word_1_189' title='bbox 511 3533 640 3617; x_wconf 84' lang='lat' dir='ltr'><strong>judices</strong></span> <span class='ocrx_word' id='word_1_190' title='bbox 672 3532 880 3597; x_wconf 89' lang='lat' dir='ltr'><strong>ecclesiarum</strong></span> <span class='ocrx_word' id='word_1_191' title='bbox 908 3532 1104 3617; x_wconf 84' lang='lat' dir='ltr'><strong>judicantur</strong></span> <span class='ocrx_word' id='word_1_192' title='bbox 1117 3556 1125 3611; x_wconf 89' lang='lat'>;</span> <span class='ocrx_word' id='word_1_193' title='bbox 1179 3532 1266 3598; x_wconf 90' lang='lat' dir='ltr'><strong>sicut</strong></span> <span class='ocrx_word' id='word_1_194' title='bbox 1297 3537 1348 3597; x_wconf 88' lang='lat' dir='ltr'><strong>est</strong></span> <span class='ocrx_word' id='word_1_195' title='bbox 1379 3553 1456 3599; x_wconf 91' lang='lat' dir='ltr'><strong>cum</strong></span> 
     </span>
     <span class='ocr_line' id='line_1_28' title="bbox 403 3632 1456 3720; baseline 0.002 -24"><span class='ocrx_word' id='word_1_196' title='bbox 403 3642 419 3669; x_wconf 88' lang='lat'><strong>“</strong></span> <span class='ocrx_word' id='word_1_197' title='bbox 444 3634 517 3719; x_wconf 87' lang='lat' dir='ltr'><strong>quis</strong></span> <span class='ocrx_word' id='word_1_198' title='bbox 549 3633 705 3699; x_wconf 87' lang='lat' dir='ltr'><strong>interficit</strong></span> <span class='ocrx_word' id='word_1_199' title='bbox 737 3634 926 3719; x_wconf 88' lang='lat' dir='ltr'><strong>pontificem</strong></span> <span class='ocrx_word' id='word_1_200' title='bbox 961 3633 1185 3719; x_wconf 88' lang='lat' dir='ltr'><strong>apostolicum,</strong></span> <span class='ocrx_word' id='word_1_201' title='bbox 1226 3632 1456 3720; x_wconf 76' lang='lat' dir='ltr'><strong>[episcopum]</strong></span> 
     </span>
     <span class='ocr_line' id='line_1_29' title="bbox 403 3735 1456 3822; baseline 0.002 -23"><span class='ocrx_word' id='word_1_202' title='bbox 403 3743 421 3769; x_wconf 92' lang='lat'><em>“</em></span> <span class='ocrx_word' id='word_1_203' title='bbox 444 3735 682 3821; x_wconf 86' lang='lat' dir='ltr'><strong>presbyterum,</strong></span> <span class='ocrx_word' id='word_1_204' title='bbox 713 3735 783 3800; x_wconf 87' lang='lat' dir='ltr'><strong>sive</strong></span> <span class='ocrx_word' id='word_1_205' title='bbox 806 3735 990 3802; x_wconf 86' lang='lat' dir='ltr'><strong>diaconum.</strong></span> <span class='ocrx_word' id='word_1_206' title='bbox 1036 3735 1236 3821; x_wconf 87' lang='lat' dir='ltr'><strong>Hujusmodi</strong></span> <span class='ocrx_word' id='word_1_207' title='bbox 1259 3755 1331 3800; x_wconf 88' lang='lat' dir='ltr'><strong>reos</strong></span> <span class='ocrx_word' id='word_1_208' title='bbox 1362 3757 1456 3822; x_wconf 85' lang='lat' dir='ltr'><strong>reges</strong></span> 
     </span>
     <span class='ocr_line' id='line_1_30' title="bbox 401 3836 1455 3923; baseline 0.001 -20"><span class='ocrx_word' id='word_1_209' title='bbox 401 3845 420 3872; x_wconf 91' lang='lat'><strong>“</strong></span> <span class='ocrx_word' id='word_1_210' title='bbox 443 3843 477 3903; x_wconf 92' lang='lat' dir='ltr'><strong>ct</strong></span> <span class='ocrx_word' id='word_1_211' title='bbox 498 3837 662 3923; x_wconf 88' lang='lat' dir='ltr'><strong>principes</strong></span> <span class='ocrx_word' id='word_1_212' title='bbox 685 3838 802 3901; x_wconf 92' lang='lat' dir='ltr'><strong>mundi</strong></span> <span class='ocrx_word' id='word_1_213' title='bbox 825 3836 1010 3904; x_wconf 88' lang='lat' dir='ltr'><strong>damnant.’&#39;</strong></span> <span class='ocrx_word' id='word_1_214' title='bbox 1057 3838 1173 3903; x_wconf 88' lang='lat' dir='ltr'><strong>Omnis</strong></span> <span class='ocrx_word' id='word_1_215' title='bbox 1203 3836 1355 3923; x_wconf 87' lang='lat' dir='ltr'><strong>equidem</strong></span> <span class='ocrx_word' id='word_1_216' title='bbox 1381 3837 1455 3922; x_wconf 84' lang='lat' dir='ltr'><strong>jus·</strong></span> 
     </span>
     <span class='ocr_line' id='line_1_31' title="bbox 403 3938 1453 4024; baseline 0 -21"><span class='ocrx_word' id='word_1_217' title='bbox 403 3940 480 4003; x_wconf 89' lang='lat' dir='ltr'><strong>titia</strong></span> <span class='ocrx_word' id='word_1_218' title='bbox 513 3939 587 4003; x_wconf 88' lang='lat' dir='ltr'><strong>ideo</strong></span> <span class='ocrx_word' id='word_1_219' title='bbox 621 3943 800 4015; x_wconf 84' lang='lat' dir='ltr'><strong>exercetur,</strong></span> <span class='ocrx_word' id='word_1_220' title='bbox 832 3943 871 4002; x_wconf 88' lang='lat' dir='ltr'><strong>ut</strong></span> <span class='ocrx_word' id='word_1_221' title='bbox 903 3938 1016 4004; x_wconf 87' lang='lat' dir='ltr'><strong>debita</strong></span> <span class='ocrx_word' id='word_1_222' title='bbox 1039 3938 1149 4024; x_wconf 90' lang='lat' dir='ltr'><strong>quiete</strong></span> <span class='ocrx_word' id='word_1_223' title='bbox 1184 3939 1328 4024; x_wconf 89' lang='lat' dir='ltr'><strong>gaudeat</strong></span> <span class='ocrx_word' id='word_1_224' title='bbox 1358 3938 1453 4004; x_wconf 91' lang='lat' dir='ltr'><strong>inno·</strong></span> 
     </span>
     <span class='ocr_line' id='line_1_32' title="bbox 402 4037 1451 4125; baseline -0.004 -17"><span class='ocrx_word' id='word_1_225' title='bbox 402 4041 512 4108; x_wconf 88' lang='lat' dir='ltr'><strong>centia</strong></span> <span class='ocrx_word' id='word_1_226' title='bbox 535 4047 569 4105; x_wconf 90' lang='lat' dir='ltr'><strong>et</strong></span> <span class='ocrx_word' id='word_1_227' title='bbox 592 4040 847 4125; x_wconf 88' lang='lat' dir='ltr'><strong>malignantium</strong></span> <span class='ocrx_word' id='word_1_228' title='bbox 870 4039 1041 4104; x_wconf 77' lang='lat' dir='ltr'><strong>temeritas</strong></span> <span class='ocrx_word' id='word_1_229' title='bbox 1063 4038 1264 4105; x_wconf 88' lang='lat' dir='ltr'><strong>refraenctur.</strong></span> <span class='ocrx_word' id='word_1_230' title='bbox 1310 4037 1451 4104; x_wconf 88' lang='lat' dir='ltr'><strong>Verum-</strong></span> 
     </span>
     <span class='ocr_line' id='line_1_33' title="bbox 401 4138 1453 4225; baseline -0.002 -16"><span class='ocrx_word' id='word_1_231' title='bbox 401 4148 513 4209; x_wconf 87' lang='lat' dir='ltr'><strong>tamen</strong></span> <span class='ocrx_word' id='word_1_232' title='bbox 536 4141 571 4205; x_wconf 93' lang='lat' dir='ltr'><strong>in</strong></span> <span class='ocrx_word' id='word_1_233' title='bbox 594 4141 656 4206; x_wconf 88' lang='lat' dir='ltr'><strong>hac</strong></span> <span class='ocrx_word' id='word_1_234' title='bbox 686 4139 916 4225; x_wconf 87' lang='lat' dir='ltr'><strong>jurisdictione</strong></span> <span class='ocrx_word' id='word_1_235' title='bbox 947 4139 1130 4217; x_wconf 85' lang='lat' dir='ltr'><strong>maledicta,</strong></span> <span class='ocrx_word' id='word_1_236' title='bbox 1155 4160 1254 4224; x_wconf 90' lang='lat' dir='ltr'><strong>quam</strong></span> <span class='ocrx_word' id='word_1_237' title='bbox 1277 4138 1453 4207; x_wconf 89' lang='lat' dir='ltr'><strong>ambitiose</strong></span> 
     </span>
     <span class='ocr_line' id='line_1_34' title="bbox 402 4240 1452 4329; baseline 0 -21"><span class='ocrx_word' id='word_1_238' title='bbox 402 4249 436 4308; x_wconf 91' lang='lat' dir='ltr'><strong>et</strong></span> <span class='ocrx_word' id='word_1_239' title='bbox 459 4242 597 4329; x_wconf 85' lang='lat' dir='ltr'><strong>superbe</strong></span> <span class='ocrx_word' id='word_1_240' title='bbox 620 4241 859 4328; x_wconf 68' lang='lat' dir='ltr'><strong>presumimus,</strong></span> <span class='ocrx_word' id='word_1_241' title='bbox 875 4240 985 4307; x_wconf 89' lang='lat' dir='ltr'><strong>Deum</strong></span> <span class='ocrx_word' id='word_1_242' title='bbox 1008 4240 1208 4306; x_wconf 85' lang='lat' dir='ltr'><strong>offendimus</strong></span> <span class='ocrx_word' id='word_1_243' title='bbox 1223 4244 1258 4307; x_wconf 88' lang='lat' dir='ltr'><strong>et</strong></span> <span class='ocrx_word' id='word_1_244' title='bbox 1279 4240 1452 4308; x_wconf 91' lang='lat' dir='ltr'><strong>dominum</strong></span> 
     </span>
     <span class='ocr_line' id='line_1_35' title="bbox 399 4342 1453 4434; baseline 0.001 -25"><span class='ocrx_word' id='word_1_245' title='bbox 399 4368 517 4434; x_wconf 88' lang='lat' dir='ltr'><strong>regem,</strong></span> <span class='ocrx_word' id='word_1_246' title='bbox 532 4346 687 4431; x_wconf 87' lang='lat' dir='ltr'><strong>viamque</strong></span> <span class='ocrx_word' id='word_1_247' title='bbox 703 4344 739 4408; x_wconf 92' lang='lat' dir='ltr'><strong>in</strong></span> <span class='ocrx_word' id='word_1_248' title='bbox 755 4343 887 4411; x_wconf 86' lang='lat' dir='ltr'><strong>elericos</strong></span> <span class='ocrx_word' id='word_1_249' title='bbox 907 4342 1112 4431; x_wconf 88' lang='lat' dir='ltr'><strong>malignandi</strong></span> <span class='ocrx_word' id='word_1_250' title='bbox 1135 4343 1336 4410; x_wconf 89' lang='lat' dir='ltr'><strong>tutissimam</strong></span> <span class='ocrx_word' id='word_1_251' title='bbox 1358 4344 1453 4410; x_wconf 84' lang='lat' dir='ltr'><strong>laicis</strong></span> 
     </span>
     <span class='ocr_line' id='line_1_36' title="bbox 397 4434 1452 4534; baseline 0 -21"><span class='ocrx_word' id='word_1_252' title='bbox 397 4434 571 4534; x_wconf 67' lang='lat' dir='ltr'><strong>esperimus.</strong></span> <span class='ocrx_word' id='word_1_253' title='bbox 609 4447 726 4534; x_wconf 90' lang='lat' dir='ltr'><strong>Nuper</strong></span> <span class='ocrx_word' id='word_1_254' title='bbox 747 4447 837 4534; x_wconf 88' lang='lat' dir='ltr'><strong>apud</strong></span> <span class='ocrx_word' id='word_1_255' title='bbox 860 4446 1065 4513; x_wconf 86' lang='lat' dir='ltr'><strong>Wintoniam</strong></span> <span class='ocrx_word' id='word_1_256' title='bbox 1080 4446 1237 4523; x_wconf 82' lang='lat' dir='ltr'><strong>sacerdos,</strong></span> <span class='ocrx_word' id='word_1_257' title='bbox 1252 4445 1452 4513; x_wconf 80' lang='lat' dir='ltr'><strong>litteraturae</strong></span> 
     </span>
    </p>
   </div>
   <div class='ocr_carea' id='block_1_3' title="bbox 430 4715 1265 4781">
    <p class='ocr_par' dir='ltr' id='par_1_3' title="bbox 430 4715 1265 4781">
     <span class='ocr_line' id='line_1_37' title="bbox 430 4715 1265 4781; baseline 0.002 -14"><span class='ocrx_word' id='word_1_258' title='bbox 430 4717 440 4752; x_wconf 86' lang='lat'>¹</span> <span class='ocrx_word' id='word_1_259' title='bbox 458 4718 584 4768; x_wconf 64' lang='lat' dir='ltr'><strong>curantes</strong></span> <span class='ocrx_word' id='word_1_260' title='bbox 594 4723 619 4768; x_wconf 75' lang='lat' dir='ltr'><strong>et</strong></span> <span class='ocrx_word' id='word_1_261' title='bbox 629 4723 746 4781; x_wconf 75' lang='lat' dir='ltr'><strong>rectores,</strong></span> <span class='ocrx_word' id='word_1_262' title='bbox 758 4719 830 4773; x_wconf 84' lang='lat' dir='ltr'><strong>Grat.</strong></span> <span class='ocrx_word' id='word_1_263' title='bbox 910 4716 917 4773; x_wconf 92' lang='grc' dir='ltr'>Ι</span> <span class='ocrx_word' id='word_1_264' title='bbox 981 4715 1182 4780; x_wconf 70' lang='lat' dir='ltr'><strong>²vindicentur,</strong></span> <span class='ocrx_word' id='word_1_265' title='bbox 1194 4718 1265 4772; x_wconf 83' lang='lat' dir='ltr'><strong>Grat.</strong></span> 
     </span>
    </p>
   </div>
   <div class='ocr_carea' id='block_1_4' title="bbox 0 0 1644 5662">
    <p class='ocr_par' dir='ltr' id='par_1_4' title="bbox 0 0 1644 5662">
     <span class='ocr_line' id='line_1_38' title="bbox 0 0 1644 5662; baseline 0 5"><span class='ocrx_word' id='word_1_266' title='bbox 0 0 1644 5662; x_wconf 95' lang='lat' dir='ltr'><strong> </strong></span> 
     </span>
    </p>
   </div>
  </div>
 </body>
</html>
