3278 5662
194 4535 321 4586 Proceed-

193 4601 251 4666 ings
262 4604 307 4653 bs-

193 4675 274 4719 twecn
288 4670 331 4719 the

365 729 431 790 522
809 743 993 793 urrsroan.
1230 730 1316 814 [nn.
1338 729 1445 795 1172.

364 927 565 992 introductae
603 927 767 992 videntur.
845 927 1094 1015 Appellationos
1131 927 1443 996 monasticarum

364 1049 535 1094 causarum
563 1028 606 1094 sd
644 1029 815 1094 dominum
852 1050 972 1116 papam
1009 1029 1111 1096 libere
1149 1031 1237 1096 sinet
1275 1030 1366 1109 fieri,
1403 1036 1444 1096 et

363 1133 500 1197 tractari
524 1153 583 1217 per
605 1153 681 1197 oum
704 1154 818 1198 musas
842 1137 876 1199 et
898 1154 958 1198 suo
987 1133 1054 1198 fine
1084 1133 1243 1200 concludi.
1291 1131 1332 1198 Si
1359 1133 1441 1219 quis

363 1238 476 1298 tamen
506 1234 537 1298 ei
568 1239 739 1320 suspectus
765 1233 877 1312 fuerit,
901 1234 1111 1300 securitatem
1142 1235 1174 1300 ei
1203 1234 1307 1300 faciet
1341 1234 1439 1320 quod

364 1336 522 1400 damnum
546 1336 618 1421 ejus
648 1341 683 1401 et
713 1339 807 1422 regni
839 1338 890 1401 sui
920 1359 988 1402 non
1020 1341 1155 1422 querat.
1200 1335 1438 1403 Possessiones

364 1436 613 1505 Cantuariensis
643 1439 795 1516 ecclesiae,
827 1440 855 1504 si
888 1461 962 1525 quse
995 1439 1065 1504 sint
1098 1439 1226 1518 ablata,
1259 1438 1437 1517 restituet,

363 1540 449 1605 sicut
482 1540 600 1606 habuit
639 1542 747 1626 primo
784 1562 872 1606 anno
911 1543 1042 1627 quando
1078 1541 1350 1628 archiepiscopus
1392 1542 1437 1607 ds

364 1647 452 1707 terra
474 1643 590 1708 exiret.
636 1642 678 1706 Id
692 1644 810 1729 *ipsum
834 1642 934 1708 faciet
949 1648 984 1708 et
999 1643 1040 1708 de
1055 1642 1203 1729 personis
1226 1664 1304 1728 quae
1328 1663 1437 1711 causa

363 1744 469 1830 ipsius
492 1743 598 1809 exisse
623 1744 800 1824 videntur3
838 1745 958 1830 quibus
981 1746 1083 1810 etiam
1104 1745 1247 1832 gratiam
1272 1766 1375 1811 suam
1398 1752 1437 1811 et

363 1845 485 1911 bonam
515 1845 663 1911 reddidit
686 1846 904 1922 voluntatem,
928 1853 963 1912 et
992 1847 1055 1914 hoc
1085 1848 1218 1933 quidem
1248 1848 1314 1913 sub
1332 1848 1436 1933 jura-

363 1953 483 2012 mento.
537 1947 695 2014 Promisit
729 1954 842 2014 autem
874 1953 909 2014 et
940 1949 1006 2014 ulia
1043 1949 1083 2015 de
1115 1949 1226 2015 libera·
1248 1949 1437 2017 voluntate

363 2049 516 2136 gerenda,
539 2071 615 2135 quse
654 2072 722 2116 non
760 2056 891 2137 oportet
928 2052 1101 2138 scripturae
1139 2051 1221 2116 serie
1256 2052 1435 2119 denotare·

363 2152 446 2217 Haec
465 2157 577 2217 autem
593 2152 799 2239 scripsimus,
823 2158 862 2217 ut
891 2153 1077 2239 agnoscatis
1107 2174 1183 2219 eum
1213 2153 1438 2221 obedientem

363 2252 508 2319 ecclesiae
530 2259 631 2338 atque
663 2254 706 2319 ad
739 2253 892 2318 divinum
927 2254 1121 2338 obsequium
1151 2253 1258 2320 multo
1279 2254 1438 2341 amplius

363 2377 462 2441 quarn
484 2355 594 2421 adhuc
616 2355 718 2420 fuerit
748 2355 942 2420 animatum.
990 2355 1162 2421 Noveritis
1183 2355 1295 2423 adhuc
1317 2357 1436 2425 filium

363 2458 435 2545 ojus
461 2458 502 2523 de
534 2457 701 2542 praedictis
732 2457 1026 2523 consuetudinibus
1058 2458 1267 2525 dimittendis
1299 2460 1438 2546 pariter

363 2582 438 2627 cum
471 2580 510 2625 eo
537 2559 676 2645 jurasse.
732 2557 819 2624 Sane
851 2560 939 2644 quod
970 2560 1019 2625 ibi
1050 2561 1175 2628 facturn
1207 2566 1267 2638 est,
1302 2561 1436 2630 iterato

362 2661 480 2738 adhuc,
512 2681 554 2725 ne
593 2659 813 2726 dubitationis
847 2659 937 2726 locus
974 2661 1074 2726 alicui
1106 2668 1297 2740 remaneret
1334 2666 1435 2749 apud

364 2765 556 2840 Oadomum
592 2763 629 2827 in
666 2762 784 2848 majori
822 2762 1010 2847 frequentia
1038 2784 1260 2849 personarum,
1288 2766 1434 2851 publice

364 2865 485 2932 statuit
507 2885 542 2929 se
565 2870 727 2930 acturum.
781 2862 963 2929 Relaxavit
992 2869 1153 2951 praeterea
1182 2865 1354 2952 episcopos
1385 2868 1435 2935 ds

363 2965 577 3052 promissione
601 2986 702 3051 quam
736 2964 767 3029 ei
798 2963 944 3030 fecerant
977 2965 1018 3030 de
1051 2966 1358 3048 consuetudinibus,
1391 2976 1434 3037 et

363 3069 515 3155 promisit
537 3068 625 3154 quod
648 3088 716 3132 non
740 3066 853 3151 exiget
875 3066 912 3129 in
934 3065 1095 3133 futurum.

782 3462 1007 3531 DOOLXXV.

362 3620 549 3686 Ausuarus
568 3634 611 3682 ur
633 3617 873 3682 Turonwrrus
888 3632 1104 3682 osnumnrns
1119 3633 1167 3682 nn
1190 3619 1428 3686 orrannum

585 3721 855 3785 annuurusuu
877 3734 1188 3786 nsosmrrscoruu.

614 3874 691 3936 (Itoc.
704 3875 748 3923 des
761 3872 826 3924 llist.
838 3872 891 3922 xvi.
905 3877 970 3932 4863
990 3874 1023 3924 G.
1035 3874 1090 3924 ror.
1102 3876 1174 3936 888.)

409 4002 599 4069 Venerabili
621 4003 657 4066 in
681 4001 815 4068 Christo
838 4006 873 4066 et
895 4002 1016 4067 dilecto
1038 4002 1134 4067 fratri
1156 4002 1333 4080 Gileberto,
1356 4002 1425 4072 Dei

362 4107 471 4194 gratia
501 4105 712 4172 Ravennensi
750 4103 1001 4190 archiepiscopo,
1033 4103 1190 4169 Albertus
1228 4105 1426 4191 dignatione

363 4210 480 4276 divina
509 4208 601 4273 tituli
636 4206 668 4271 S.
694 4206 866 4270 Laurentii
899 4206 935 4269 in
970 4206 1107 4284 Lucina,
1130 4212 1164 4271 et
1197 4206 1425 4276 Theodwinus

362 4311 456 4376 tituli
479 4310 510 4376 S.
535 4309 665 4385 Vitatis,
688 4307 874 4393 presbyteri
906 4307 1098 4384 cardinales,
1122 4308 1311 4393 apostolicae
1333 4312 1425 4378 sedis

362 4414 473 4500 legati,
495 4413 583 4499 quod
605 4412 756 4498 promisit
778 4411 869 4475 Deus
892 4411 1108 4497 diligentibus
1130 4434 1173 4477 se.

409 4517 572 4596 Quoniam
596 4514 781 4578 desiderare
812 4535 872 4577 vos
894 4514 1067 4591 credimus,
1090 4519 1130 4578 ut
1161 4514 1202 4579 de
1231 4519 1322 4579 statu
1345 4537 1424 4581 nos·

363 4624 424 4694 tro,
447 4623 506 4683 etc.
531 4616 661 4700 [eodem
684 4637 757 4701 quoe
780 4614 821 4680 io
844 4614 985 4700 epistola
1007 4614 1182 4701 superiori
1206 4637 1312 4702 osque
1333 4617 1381 4684 od
1394 4620 1421 4703 .·]
