3278 5662
188 783 383 870 r.1>.1172.]
533 756 543 765 ’
623 798 802 848 urrsroam.
1177 783 1240 845 525

189 983 321 1071 Divino,
345 1007 534 1071 responsum
558 990 616 1062 est,
639 1006 680 1049 ne
700 984 816 1050 Deitas
841 983 977 1062 Christi,
1001 984 1097 1071 eujus
1119 982 1241 1050 nomen

187 1089 259 1149 erat
288 1084 416 1150 Judaeis
445 1092 480 1151 et
500 1085 656 1173 gentibus
687 1084 943 1170 praedicandum,
967 1090 1107 1151 terrenae
1130 1091 1239 1173 potcs-

187 1185 251 1249 tsti
282 1186 451 1252 videretur
473 1185 624 1264 obnoxia,
651 1189 686 1251 et
719 1206 792 1250 cam
826 1187 1067 1252 emendicatam
1091 1187 1240 1254 dicerent

188 1286 345 1365 infideles,
368 1287 433 1374 qui,
449 1287 555 1352 velint
576 1286 693 1363 nolint,
717 1291 881 1372 eoguntur
903 1287 1025 1354 audire.
1074 1288 1238 1370 Quoniam

189 1388 351 1454 Dominus
374 1389 535 1475 regnavit,
558 1389 743 1453 irascantur
764 1388 888 1474 populi,
919 1394 954 1454 et
976 1390 1122 1456 exsultet
1153 1396 1242 1455 terra

189 1490 225 1554 in
263 1512 329 1575 qua
368 1490 492 1556 Christi
537 1490 697 1554 fundatur
742 1490 883 1556 ecclesia.
949 1491 1005 1558 Sic
1042 1514 1119 1579 ergo
1155 1498 1241 1556 nutu

191 1590 316 1657 Divino
337 1592 481 1657 arbitror
503 1592 657 1669 evenisse,
688 1596 728 1655 ut
750 1591 907 1677 martyris
933 1592 1034 1678 hujus
1056 1593 1161 1680 gloria
1183 1613 1243 1658 nec

190 1692 319 1758 decreto
354 1690 560 1779 pontificali¹
598 1712 659 1757 nec
693 1691 827 1758 edicto²
863 1692 1023 1781 principis
1061 1695 1242 1770 attollatur,

190 1795 248 1857 sed
271 1793 404 1860 Christo
427 1792 612 1880 praecipue³
643 1799 774 1859 auctore
807 1794 997 1873 invalescat,
1022 1797 1116 1882 eujus
1138 1795 1236 1860 hono-

190 1895 284 1960 rem⁴
306 1897 415 1981 quoad
441 1897 536 1972 vixit,
567 1895 699 1960 studuit
728 1895 875 1961 dilatare.
923 1897 1092 1963 Honorem
1116 1898 1243 1964 Christi

190 1995 320 2060 salvum
343 1996 411 2060 fore
445 2018 573 2081 semper
608 1996 778 2081 expressit,
812 2001 847 2061 et
878 1997 1034 2063 Christus
1068 1999 1098 2063 ei
1137 1999 1243 2064 vicem

190 2119 256 2162 non
279 2098 418 2163 referet?
462 2097 561 2163 Absit
585 2104 623 2162 ut
650 2097 781 2162 Veritas
811 2098 915 2163 fallax
940 2099 985 2164 sit
1007 2099 1044 2164 iu
1066 2101 1244 2186 promissis.

191 2199 328 2285 Legitur
349 2199 385 2263 in
419 2198 559 2264 Actibus
590 2198 834 2284 Apostolorum,
867 2199 958 2285 quod
993 2201 1129 2286 quidam
1163 2223 1244 2267 non-

190 2301 270 2365 dum
292 2301 453 2388 baptizati
476 2301 561 2366 eitra
575 2299 807 2365 auctoritatem
824 2301 1055 2387 Apostolorum
1081 2301 1244 2388 Spiritum

194 2403 352 2468 Sanctum
368 2408 580 2488 acceperant:
604 2401 826 2487 sednunqlrid
850 2402 933 2469 hoe⁵
955 2409 1092 2468 senatus
1113 2401 1248 2491 aposto·¹

191 2502 274 2568 licus
289 2503 494 2568 infirmavit?
540 2502 691 2569 Profecto
713 2504 773 2568 ubi
795 2501 887 2568 Deus
909 2509 1025 2570 auctor
1048 2510 1107 2583 est,
1122 2504 1245 2570 frustra

191 2604 339 2689 superior
361 2604 568 2670 desideratur
599 2605 785 2671 auotoritas.
833 2604 870 2670 Si
905 2606 980 2691 quis
1011 2611 1123 2671 autem
1147 2607 1245 2693 hujus

192 2707 279 2770 tanti
302 2707 457 2792 martyris
490 2707 629 2793 gloriam
661 2708 813 2773 evacuari
849 2708 1022 2785 desiderat,
1046 2709 1244 2794 quicumque

192 2808 236 2870 sit
258 2806 321 2883 ille,
344 2813 523 2893 antequam
547 2809 578 2874 ei
608 2809 787 2886 credamus,
814 2815 875 2873 aut
896 2811 1023 2895 majora
1044 2815 1105 2875 aut
1127 2810 1244 2875 saltem

192 2909 312 2974 similia
335 2916 489 2997 operetur
501 2935 510 2991 ;
533 2911 681 2996 alioquin
697 2932 829 2996 peecare
847 2911 993 2977 creditur
1015 2912 1051 2976 in
1080 2912 1244 2999 Spiritum

192 3009 361 3086 Sanctum,
385 3010 478 3096 cujus
502 3012 656 3097 operibus
680 3011 852 3078 detrahere
875 3032 943 3075 non
967 3017 1105 3077 veretur.

543 3265 909 3278 -ι-ι--α-ῃ-

581 3454 842 3523 DOOLXXVII.

271 3605 464 3672 Wrmuouo
488 3606 688 3673 Suuouarrsr
712 3624 983 3674 moeruersooro
1006 3609 1165 3674 Josuues

569 3709 869 3775 Srarsaaamusrs

401 3862 450 3924 (A.
461 3866 527 3920 ³583
545 3860 572 3910 J.
585 3860 641 3912 Sar.
654 3864 719 3919 2053
738 3860 766 3910 Ζ.
778 3876 802 3910 ν.
814 3865 863 3922 so,
881 3861 947 3927 Lup.
959 3878 983 3912 v.
997 3866 1051 3925 ol.)

239 3988 382 4053 Domino
417 3989 599 4055 Senonensi
637 3989 749 4055 miseri
784 3989 833 4054 illi
866 3991 923 4076 qui
956 3992 1119 4077 quondam
1154 3994 1244 4058 suere

196 4092 458 4156 (irintuarienses.

238 4195 387 4280 Agonem
421 4196 579 4271 nostrum,
603 4216 701 4280 quem
724 4215 799 4258 cum
831 4200 977 4280 martyre
1009 4194 1148 4281 glorioso
1171 4218 1243 4283 per·
1258 4212 1396 4291 recureri-

194 4296 342 4375 tulimuS,
363 4295 522 4360 viderunt
544 4296 632 4362 oculi
664 4296 775 4372 vestri,
798 4316 879 4380 quos
903 4301 972 4361 tam
1006 4296 1122 4362 innata
1146 4319 1245 4382 quam
1258 4279 1371 4343 ¹³¹⁸¹¹⁰P'⁸

1258 4345 1405 4396 reconcilia·

194 4448 1231 4462 „fi——ss—-Q
1257 4410 1322 4464 tion.

228 4523 235 4554 ι
253 4519 467 4586 ponlfsfc‘1153‚v‚
777 4519 789 4551 ³
804 4521 939 4583 precipue,
952 4520 985 4581 Ο,
996 4520 1031 4579 Z;
1045 4522 1183 4587 precipuo,
1193 4524 1224 4574 L.

226 4600 237 4632 ²
254 4599 361 4660 decreto,
377 4599 406 4658 Z,
424 4597 483 4648 with
502 4596 541 4648 oe!
556 4597 636 4648 edicto
657 4596 695 4646 in·
778 4596 789 4628 ⁴
806 4596 928 4659 bonorem,
941 4598 973 4658 0,
984 4599 1020 4659 V,
1031 4600 1068 4659 Z;
1085 4616 1178 4663 mn,
1191 4601 1224 4652 L.

193 4680 248 4728 torl,
780 4674 789 4707 ⁵
806 4674 858 4735 doc,
869 4674 898 4735 0,
913 4676 934 4725 Ζ
941 4698 949 4737 ;
966 4675 1081 4740 qwtl,1a
