<?xml version="1.0" encoding="UTF-8"?>
<!DOCTYPE html PUBLIC "-//W3C//DTD XHTML 1.0 Transitional//EN"
    "http://www.w3.org/TR/xhtml1/DTD/xhtml1-transitional.dtd">
<html xmlns="http://www.w3.org/1999/xhtml" xml:lang="en" lang="en">
 <head>
  <title>
</title>
<meta http-equiv="Content-Type" content="text/html;charset=utf-8" />
  <meta name='ocr-system' content='tesseract 3.04.00' />
  <meta name='ocr-capabilities' content='ocr_page ocr_carea ocr_par ocr_line ocrx_word'/>
</head>
<body>
  <div class='ocr_page' id='page_1' title='image "./materialsforhis00robegoog/materialsforhis00robegoog_0028.png"; bbox 0 0 3278 5662; ppageno 0'>
   <div class='ocr_carea' id='block_1_1' title="bbox 193 849 1241 932">
    <p class='ocr_par' dir='ltr' id='par_1_1' title="bbox 193 849 1241 932">
     <span class='ocr_line' id='line_1_1' title="bbox 193 849 1241 932; baseline 0.002 -18"><span class='ocrx_word' id='word_1_1' title='bbox 193 866 257 915; x_wconf 76' lang='lat' dir='ltr'><strong>an,</strong></span> <span class='ocrx_word' id='word_1_2' title='bbox 277 849 387 932; x_wconf 77' lang='lat' dir='ltr'><strong>lion]</strong></span> <span class='ocrx_word' id='word_1_3' title='bbox 636 867 815 916; x_wconf 67' lang='lat' dir='ltr'><strong>ammona.</strong></span> <span class='ocrx_word' id='word_1_4' title='bbox 1222 857 1241 916; x_wconf 74' lang='grc'><strong>3</strong></span> 
     </span>
    </p>
   </div>
   <div class='ocr_carea' id='block_1_2' title="bbox 184 1062 1393 4106">
    <p class='ocr_par' dir='ltr' id='par_1_2' title="bbox 188 1062 1241 1254">
     <span class='ocr_line' id='line_1_2' title="bbox 188 1062 1241 1151; baseline 0.004 -26"><span class='ocrx_word' id='word_1_5' title='bbox 188 1062 276 1146; x_wconf 89' lang='lat' dir='ltr'><strong>quod</strong></span> <span class='ocrx_word' id='word_1_6' title='bbox 318 1063 553 1129; x_wconf 69' lang='lat' dir='ltr'><strong>familiaritatis</strong></span> <span class='ocrx_word' id='word_1_7' title='bbox 587 1067 826 1142; x_wconf 85' lang='lat' dir='ltr'><strong>eommereium,</strong></span> <span class='ocrx_word' id='word_1_8' title='bbox 849 1086 955 1151; x_wconf 82' lang='lat' dir='ltr'><strong>nuper</strong></span> <span class='ocrx_word' id='word_1_9' title='bbox 979 1066 1013 1129; x_wconf 95' lang='lat' dir='ltr'><strong>in</strong></span> <span class='ocrx_word' id='word_1_10' title='bbox 1037 1065 1120 1130; x_wconf 82' lang='lat' dir='ltr'><strong>festo</strong></span> <span class='ocrx_word' id='word_1_11' title='bbox 1136 1065 1241 1129; x_wconf 71' lang='lat' dir='ltr'><strong>boam</strong></span> 
     </span>
     <span class='ocr_line' id='line_1_3' title="bbox 188 1162 1240 1254; baseline 0.002 -27"><span class='ocrx_word' id='word_1_12' title='bbox 188 1162 303 1229; x_wconf 83' lang='lat' dir='ltr'><strong>Mariae</strong></span> <span class='ocrx_word' id='word_1_13' title='bbox 319 1166 524 1253; x_wconf 82' lang='lat' dir='ltr'><strong>Magdalenae</strong></span> <span class='ocrx_word' id='word_1_14' title='bbox 539 1167 754 1234; x_wconf 78' lang='lat' dir='ltr'><strong>Viriliaeum¹</strong></span> <span class='ocrx_word' id='word_1_15' title='bbox 779 1168 943 1254; x_wconf 80' lang='lat' dir='ltr'><strong>profectus</strong></span> <span class='ocrx_word' id='word_1_16' title='bbox 965 1190 1048 1244; x_wconf 87' lang='lat' dir='ltr'><strong>sum,</strong></span> <span class='ocrx_word' id='word_1_17' title='bbox 1070 1187 1240 1232; x_wconf 87' lang='lat' dir='ltr'><strong>oeeurrena</strong></span> 
     </span>
    </p>

    <p class='ocr_par' dir='ltr' id='par_1_3' title="bbox 186 1265 1239 1865">
     <span class='ocr_line' id='line_1_4' title="bbox 187 1265 1238 1356; baseline 0.006 -28"><span class='ocrx_word' id='word_1_18' title='bbox 187 1265 235 1329; x_wconf 92' lang='lat' dir='ltr'><strong>ibi</strong></span> <span class='ocrx_word' id='word_1_19' title='bbox 257 1269 396 1339; x_wconf 81' lang='lat' dir='ltr'><strong>¹nuntiis</strong></span> <span class='ocrx_word' id='word_1_20' title='bbox 428 1269 554 1334; x_wconf 86' lang='lat' dir='ltr'><strong>domini</strong></span> <span class='ocrx_word' id='word_1_21' title='bbox 579 1292 683 1356; x_wconf 69' lang='lat' dir='ltr'><strong>papae,</strong></span> <span class='ocrx_word' id='word_1_22' title='bbox 721 1293 830 1347; x_wconf 82' lang='lat' dir='ltr'><strong>eausa,</strong></span> <span class='ocrx_word' id='word_1_23' title='bbox 864 1271 951 1336; x_wconf 87' lang='lat' dir='ltr'><strong>sieut</strong></span> <span class='ocrx_word' id='word_1_24' title='bbox 974 1270 1159 1346; x_wconf 88' lang='lat' dir='ltr'><strong>videbatur,</strong></span> <span class='ocrx_word' id='word_1_25' title='bbox 1181 1270 1238 1334; x_wconf 86' lang='lat' dir='ltr'><strong>ad-</strong></span> 
     </span>
     <span class='ocr_line' id='line_1_5' title="bbox 188 1366 1239 1457; baseline 0.003 -26"><span class='ocrx_word' id='word_1_26' title='bbox 188 1366 336 1433; x_wconf 84' lang='lat' dir='ltr'><strong>discendi</strong></span> <span class='ocrx_word' id='word_1_27' title='bbox 381 1371 462 1456; x_wconf 91' lang='lat' dir='ltr'><strong>quid</strong></span> <span class='ocrx_word' id='word_1_28' title='bbox 517 1371 766 1437; x_wconf 81' lang='lat' dir='ltr'><strong>Cantuariensis</strong></span> <span class='ocrx_word' id='word_1_29' title='bbox 813 1371 929 1436; x_wconf 89' lang='lat' dir='ltr'><strong>timere</strong></span> <span class='ocrx_word' id='word_1_30' title='bbox 975 1376 1126 1457; x_wconf 73' lang='lat' dir='ltr'>oporteat</span> <span class='ocrx_word' id='word_1_31' title='bbox 1186 1370 1239 1435; x_wconf 91' lang='lat' dir='ltr'><strong>vel</strong></span> 
     </span>
     <span class='ocr_line' id='line_1_6' title="bbox 186 1473 1239 1559; baseline 0.003 -27"><span class='ocrx_word' id='word_1_32' title='bbox 186 1491 324 1554; x_wconf 82' lang='lat' dir='ltr'><strong>sperare.</strong></span> <span class='ocrx_word' id='word_1_33' title='bbox 371 1473 458 1538; x_wconf 81' lang='lat' dir='ltr'><strong>Nam</strong></span> <span class='ocrx_word' id='word_1_34' title='bbox 482 1473 553 1539; x_wconf 87' lang='lat' dir='ltr'><strong>haec</strong></span> <span class='ocrx_word' id='word_1_35' title='bbox 591 1474 703 1539; x_wconf 79' lang='lat' dir='ltr'><strong>sabura</strong></span> <span class='ocrx_word' id='word_1_36' title='bbox 735 1474 803 1539; x_wconf 88' lang='lat' dir='ltr'><strong>fere</strong></span> <span class='ocrx_word' id='word_1_37' title='bbox 837 1473 907 1539; x_wconf 87' lang='lat' dir='ltr'><strong>sola</strong></span> <span class='ocrx_word' id='word_1_38' title='bbox 929 1474 1057 1559; x_wconf 70' lang='lat' dir='ltr'><strong>linguae</strong></span> <span class='ocrx_word' id='word_1_39' title='bbox 1089 1478 1124 1537; x_wconf 91' lang='lat' dir='ltr'><strong>et</strong></span> <span class='ocrx_word' id='word_1_40' title='bbox 1144 1493 1239 1537; x_wconf 83' lang='lat' dir='ltr'><strong>aures</strong></span> 
     </span>
     <span class='ocr_line' id='line_1_7' title="bbox 187 1574 1237 1662; baseline 0.003 -27"><span class='ocrx_word' id='word_1_41' title='bbox 187 1574 358 1659; x_wconf 82' lang='lat' dir='ltr'><strong>utriusque</strong></span> <span class='ocrx_word' id='word_1_42' title='bbox 381 1577 482 1661; x_wconf 87' lang='lat' dir='ltr'><strong>regni,</strong></span> <span class='ocrx_word' id='word_1_43' title='bbox 520 1575 608 1660; x_wconf 91' lang='lat' dir='ltr'><strong>quod</strong></span> <span class='ocrx_word' id='word_1_44' title='bbox 630 1577 672 1641; x_wconf 90' lang='lat' dir='ltr'><strong>ad</strong></span> <span class='ocrx_word' id='word_1_45' title='bbox 710 1577 832 1641; x_wconf 88' lang='lat' dir='ltr'><strong>elerum</strong></span> <span class='ocrx_word' id='word_1_46' title='bbox 856 1581 992 1662; x_wconf 86' lang='lat' dir='ltr'><strong>spectat,</strong></span> <span class='ocrx_word' id='word_1_47' title='bbox 1023 1579 1057 1640; x_wconf 88' lang='lat' dir='ltr'><strong>et</strong></span> <span class='ocrx_word' id='word_1_48' title='bbox 1079 1579 1166 1640; x_wconf 85' lang='lat' dir='ltr'><strong>eerte</strong></span> <span class='ocrx_word' id='word_1_49' title='bbox 1196 1596 1237 1638; x_wconf 85' lang='lat' dir='ltr'><strong>ex</strong></span> 
     </span>
     <span class='ocr_line' id='line_1_8' title="bbox 188 1677 1237 1765; baseline -0.003 -22"><span class='ocrx_word' id='word_1_50' title='bbox 188 1696 306 1760; x_wconf 80' lang='lat' dir='ltr'><strong>magna</strong></span> <span class='ocrx_word' id='word_1_51' title='bbox 344 1684 438 1763; x_wconf 83' lang='lat' dir='ltr'><strong>parte</strong></span> <span class='ocrx_word' id='word_1_52' title='bbox 475 1679 518 1743; x_wconf 88' lang='lat' dir='ltr'><strong>ad</strong></span> <span class='ocrx_word' id='word_1_53' title='bbox 557 1679 724 1765; x_wconf 90' lang='lat' dir='ltr'><strong>populum,</strong></span> <span class='ocrx_word' id='word_1_54' title='bbox 763 1680 908 1744; x_wconf 88' lang='lat' dir='ltr'><strong>ereditur</strong></span> <span class='ocrx_word' id='word_1_55' title='bbox 946 1697 1110 1763; x_wconf 89' lang='lat' dir='ltr'><strong>oeeupare.</strong></span> <span class='ocrx_word' id='word_1_56' title='bbox 1172 1677 1237 1740; x_wconf 85' lang='lat' dir='ltr'><strong>De·</strong></span> 
     </span>
     <span class='ocr_line' id='line_1_9' title="bbox 187 1777 1236 1865; baseline 0.006 -27"><span class='ocrx_word' id='word_1_57' title='bbox 187 1777 373 1844; x_wconf 75' lang='lat' dir='ltr'><strong>eirlerabam</strong></span> <span class='ocrx_word' id='word_1_58' title='bbox 396 1787 508 1846; x_wconf 88' lang='lat' dir='ltr'><strong>autem</strong></span> <span class='ocrx_word' id='word_1_59' title='bbox 534 1804 641 1846; x_wconf 89' lang='lat' dir='ltr'><strong>meum</strong></span> <span class='ocrx_word' id='word_1_60' title='bbox 683 1803 797 1845; x_wconf 85' lang='lat' dir='ltr'><strong>revera</strong></span> <span class='ocrx_word' id='word_1_61' title='bbox 836 1782 947 1845; x_wconf 88' lang='lat' dir='ltr'><strong>videre</strong></span> <span class='ocrx_word' id='word_1_62' title='bbox 986 1779 1236 1865; x_wconf 59' lang='lat' dir='ltr'><strong>cognominem?</strong></span> 
     </span>
    </p>

    <p class='ocr_par' dir='ltr' id='par_1_4' title="bbox 186 1882 1236 2172">
     <span class='ocr_line' id='line_1_10' title="bbox 186 1882 1235 1968; baseline 0.002 -26"><span class='ocrx_word' id='word_1_63' title='bbox 186 1887 229 1955; x_wconf 81' lang='lat' dir='ltr'><strong>ot,</strong></span> <span class='ocrx_word' id='word_1_64' title='bbox 264 1882 352 1965; x_wconf 84' lang='lat' dir='ltr'><strong>quod</strong></span> <span class='ocrx_word' id='word_1_65' title='bbox 390 1885 494 1968; x_wconf 80' lang='lat' dir='ltr'><strong>magis</strong></span> <span class='ocrx_word' id='word_1_66' title='bbox 531 1889 590 1960; x_wconf 81' lang='lat' dir='ltr'><strong>eat,</strong></span> <span class='ocrx_word' id='word_1_67' title='bbox 629 1884 881 1968; x_wconf 72' lang='lat' dir='ltr'><strong>compatriotam</strong></span> <span class='ocrx_word' id='word_1_68' title='bbox 920 1890 955 1946; x_wconf 89' lang='lat' dir='ltr'><strong>et</strong></span> <span class='ocrx_word' id='word_1_69' title='bbox 994 1882 1235 1967; x_wconf 90' lang='lat' dir='ltr'><strong>quodammodo</strong></span> 
     </span>
     <span class='ocr_line' id='line_1_11' title="bbox 186 1981 1236 2069; baseline 0.003 -25"><span class='ocrx_word' id='word_1_70' title='bbox 186 1981 330 2060; x_wconf 85' lang='lat' dir='ltr'><strong>fratrem,</strong></span> <span class='ocrx_word' id='word_1_71' title='bbox 354 1984 575 2060; x_wconf 76' lang='lat' dir='ltr'><strong>Gratianum,3</strong></span> <span class='ocrx_word' id='word_1_72' title='bbox 597 1985 690 2069; x_wconf 84' lang='lat' dir='ltr'><strong>eujus</strong></span> <span class='ocrx_word' id='word_1_73' title='bbox 715 1990 761 2061; x_wconf 90' lang='lat' dir='ltr'><strong>tu,</strong></span> <span class='ocrx_word' id='word_1_74' title='bbox 795 1990 831 2048; x_wconf 88' lang='lat' dir='ltr'><strong>ut</strong></span> <span class='ocrx_word' id='word_1_75' title='bbox 866 1984 1053 2048; x_wconf 75' lang='lat' dir='ltr'><strong>rneminiaae</strong></span> <span class='ocrx_word' id='word_1_76' title='bbox 1091 1988 1192 2069; x_wconf 75' lang='lat' dir='ltr'><strong>poter,</strong></span> <span class='ocrx_word' id='word_1_77' title='bbox 1215 2006 1236 2047; x_wconf 92' lang='lat' dir='ltr'><strong>a</strong></span> 
     </span>
     <span class='ocr_line' id='line_1_12' title="bbox 187 2085 1235 2172; baseline 0.004 -27"><span class='ocrx_word' id='word_1_78' title='bbox 187 2089 310 2149; x_wconf 73' lang='lat' dir='ltr'><strong>sanetae</strong></span> <span class='ocrx_word' id='word_1_79' title='bbox 333 2087 568 2151; x_wconf 82' lang='lat' dir='ltr'><strong>reeordationis</strong></span> <span class='ocrx_word' id='word_1_80' title='bbox 600 2108 685 2172; x_wconf 88' lang='lat' dir='ltr'><strong>papa</strong></span> <span class='ocrx_word' id='word_1_81' title='bbox 710 2086 857 2171; x_wconf 86' lang='lat' dir='ltr'><strong>Eugenio</strong></span> <span class='ocrx_word' id='word_1_82' title='bbox 894 2085 1064 2149; x_wconf 81' lang='lat' dir='ltr'><strong>Ferentini</strong></span> <span class='ocrx_word' id='word_1_83' title='bbox 1086 2085 1235 2149; x_wconf 82' lang='lat' dir='ltr'><strong>decretus</strong></span> 
     </span>
    </p>

    <p class='ocr_par' dir='ltr' id='par_1_5' title="bbox 187 2185 1233 2263">
     <span class='ocr_line' id='line_1_13' title="bbox 187 2185 1233 2263; baseline 0.005 -17"><span class='ocrx_word' id='word_1_84' title='bbox 187 2205 221 2246; x_wconf 76' lang='lat' dir='ltr'><strong>ea</strong></span> <span class='ocrx_word' id='word_1_85' title='bbox 245 2185 424 2252; x_wconf 80' lang='lat' dir='ltr'><strong>institutor.</strong></span> <span class='ocrx_word' id='word_1_86' title='bbox 471 2187 572 2251; x_wconf 87' lang='lat' dir='ltr'><strong>Illum</strong></span> <span class='ocrx_word' id='word_1_87' title='bbox 595 2187 732 2253; x_wconf 84' lang='lat' dir='ltr'><strong>fratrem</strong></span> <span class='ocrx_word' id='word_1_88' title='bbox 757 2187 899 2251; x_wconf 79' lang='lat' dir='ltr'><strong>dixerim</strong></span> <span class='ocrx_word' id='word_1_89' title='bbox 922 2187 1136 2263; x_wconf 80' lang='lat' dir='ltr'><strong>confidenter,</strong></span> <span class='ocrx_word' id='word_1_90' title='bbox 1158 2208 1233 2252; x_wconf 87' lang='lat' dir='ltr'><strong>eum</strong></span> 
     </span>
    </p>

    <p class='ocr_par' dir='ltr' id='par_1_6' title="bbox 186 2287 1235 2374">
     <span class='ocr_line' id='line_1_14' title="bbox 186 2287 1235 2374; baseline 0.003 -25"><span class='ocrx_word' id='word_1_91' title='bbox 186 2307 251 2370; x_wconf 86' lang='lat' dir='ltr'><strong>quo</strong></span> <span class='ocrx_word' id='word_1_92' title='bbox 272 2287 355 2352; x_wconf 90' lang='lat' dir='ltr'><strong>mihi</strong></span> <span class='ocrx_word' id='word_1_93' title='bbox 377 2288 455 2353; x_wconf 89' lang='lat' dir='ltr'><strong>fidei</strong></span> <span class='ocrx_word' id='word_1_94' title='bbox 477 2295 513 2354; x_wconf 91' lang='lat' dir='ltr'><strong>et</strong></span> <span class='ocrx_word' id='word_1_95' title='bbox 543 2289 666 2355; x_wconf 87' lang='lat' dir='ltr'><strong>soeieta</strong></span> <span class='ocrx_word' id='word_1_96' title='bbox 668 2290 710 2354; x_wconf 84' lang='lat' dir='ltr'><strong>tis</strong></span> <span class='ocrx_word' id='word_1_97' title='bbox 742 2296 822 2354; x_wconf 87' lang='lat' dir='ltr'><strong>sunt</strong></span> <span class='ocrx_word' id='word_1_98' title='bbox 849 2288 927 2374; x_wconf 87' lang='lat' dir='ltr'><strong>jura</strong></span> <span class='ocrx_word' id='word_1_99' title='bbox 949 2288 1143 2354; x_wconf 91' lang='lat' dir='ltr'><strong>eommunia.</strong></span> <span class='ocrx_word' id='word_1_100' title='bbox 1190 2288 1235 2352; x_wconf 87' lang='lat' dir='ltr'><strong>Et</strong></span> 
     </span>
    </p>

    <p class='ocr_par' dir='ltr' id='par_1_7' title="bbox 184 2387 1393 3088">
     <span class='ocr_line' id='line_1_15' title="bbox 184 2387 1324 2477; baseline 0.004 -27"><span class='ocrx_word' id='word_1_101' title='bbox 184 2387 263 2452; x_wconf 83' lang='lat' dir='ltr'><strong>lieet</strong></span> <span class='ocrx_word' id='word_1_102' title='bbox 305 2411 364 2454; x_wconf 87' lang='lat' dir='ltr'><strong>nos</strong></span> <span class='ocrx_word' id='word_1_103' title='bbox 400 2413 468 2456; x_wconf 91' lang='lat' dir='ltr'><strong>nou</strong></span> <span class='ocrx_word' id='word_1_104' title='bbox 507 2391 648 2457; x_wconf 86' lang='lat' dir='ltr'><strong>ediderit</strong></span> <span class='ocrx_word' id='word_1_105' title='bbox 671 2413 738 2456; x_wconf 91' lang='lat' dir='ltr'><strong>una</strong></span> <span class='ocrx_word' id='word_1_106' title='bbox 776 2392 905 2468; x_wconf 79' lang='lat' dir='ltr'><strong>civitae,</strong></span> <span class='ocrx_word' id='word_1_107' title='bbox 939 2391 1082 2477; x_wconf 87' lang='lat' dir='ltr'><strong>patriam</strong></span> <span class='ocrx_word' id='word_1_108' title='bbox 1116 2395 1229 2456; x_wconf 87' lang='lat' dir='ltr'><strong>tamen</strong></span> <span class='ocrx_word' id='word_1_109' title='bbox 1248 2395 1324 2448; x_wconf 74' lang='lat' dir='ltr'><strong>avia</strong></span> 
     </span>
     <span class='ocr_line' id='line_1_16' title="bbox 185 2461 1388 2578; baseline 0.002 -26"><span class='ocrx_word' id='word_1_110' title='bbox 185 2489 280 2554; x_wconf 87' lang='lat' dir='ltr'><strong>nobis</strong></span> <span class='ocrx_word' id='word_1_111' title='bbox 318 2512 414 2554; x_wconf 81' lang='lat' dir='ltr'><strong>esse</strong></span> <span class='ocrx_word' id='word_1_112' title='bbox 433 2513 531 2557; x_wconf 87' lang='lat' dir='ltr'><strong>unam</strong></span> <span class='ocrx_word' id='word_1_113' title='bbox 579 2514 646 2556; x_wconf 90' lang='lat' dir='ltr'><strong>non</strong></span> <span class='ocrx_word' id='word_1_114' title='bbox 690 2492 832 2578; x_wconf 78' lang='lat' dir='ltr'><strong>ambigit</strong></span> <span class='ocrx_word' id='word_1_115' title='bbox 879 2493 937 2577; x_wconf 89' lang='lat' dir='ltr'><strong>qui</strong></span> <span class='ocrx_word' id='word_1_116' title='bbox 972 2492 1115 2577; x_wconf 87' lang='lat' dir='ltr'><strong>patriam</strong></span> <span class='ocrx_word' id='word_1_117' title='bbox 1164 2461 1388 2578; x_wconf 47' lang='lat' dir='ltr'><strong>for-¹¹¹⁸193¹¹¹’&#39;“s</strong></span> 
     </span>
     <span class='ocr_line' id='line_1_17' title="bbox 186 2592 1379 2683; baseline 0.003 -28"><span class='ocrx_word' id='word_1_118' title='bbox 186 2592 281 2666; x_wconf 89' lang='lat' dir='ltr'><strong>tium,</strong></span> <span class='ocrx_word' id='word_1_119' title='bbox 319 2615 393 2679; x_wconf 87' lang='lat' dir='ltr'><strong>quae</strong></span> <span class='ocrx_word' id='word_1_120' title='bbox 431 2596 525 2660; x_wconf 85' lang='lat' dir='ltr'><strong>nebia</strong></span> <span class='ocrx_word' id='word_1_121' title='bbox 563 2595 740 2674; x_wconf 82' lang='lat' dir='ltr'><strong>individua</strong></span> <span class='ocrx_word' id='word_1_122' title='bbox 796 2602 854 2672; x_wconf 86' lang='lat' dir='ltr'><strong>est,</strong></span> <span class='ocrx_word' id='word_1_123' title='bbox 879 2601 914 2659; x_wconf 89' lang='lat' dir='ltr'><strong>et</strong></span> <span class='ocrx_word' id='word_1_124' title='bbox 951 2616 1051 2683; x_wconf 87' lang='lat' dir='ltr'><strong>quam</strong></span> <span class='ocrx_word' id='word_1_125' title='bbox 1076 2594 1232 2660; x_wconf 82' lang='lat' dir='ltr'><strong>Carmen·</strong></span> <span class='ocrx_word' id='word_1_126' title='bbox 1248 2594 1304 2644; x_wconf 79' lang='lat' dir='ltr'><strong>The</strong></span> <span class='ocrx_word' id='word_1_127' title='bbox 1315 2610 1379 2658; x_wconf 76' lang='lat' dir='ltr'><strong>1³⁰1&gt;e</strong></span> 
     </span>
     <span class='ocr_line' id='line_1_18' title="bbox 187 2660 1393 2781; baseline 0.002 -25"><span class='ocrx_word' id='word_1_128' title='bbox 187 2693 230 2756; x_wconf 83' lang='lat' dir='ltr'><strong>tis</strong></span> <span class='ocrx_word' id='word_1_129' title='bbox 257 2695 412 2773; x_wconf 83' lang='lat' dir='ltr'><strong>ostendit,</strong></span> <span class='ocrx_word' id='word_1_130' title='bbox 444 2695 574 2761; x_wconf 84' lang='lat' dir='ltr'><strong>reducit</strong></span> <span class='ocrx_word' id='word_1_131' title='bbox 610 2696 655 2761; x_wconf 86' lang='lat' dir='ltr'><strong>ad</strong></span> <span class='ocrx_word' id='word_1_132' title='bbox 687 2696 846 2760; x_wconf 82' lang='lat' dir='ltr'><strong>animun.</strong></span> <span class='ocrx_word' id='word_1_133' title='bbox 893 2695 947 2758; x_wconf 80' lang='lat' dir='ltr'><strong>Ab</strong></span> <span class='ocrx_word' id='word_1_134' title='bbox 985 2694 1044 2759; x_wconf 90' lang='lat' dir='ltr'><strong>illo</strong></span> <span class='ocrx_word' id='word_1_135' title='bbox 1081 2717 1159 2781; x_wconf 92' lang='lat' dir='ltr'><strong>ergo</strong></span> <span class='ocrx_word' id='word_1_136' title='bbox 1199 2700 1233 2759; x_wconf 89' lang='lat' dir='ltr'><strong>et</strong></span> <span class='ocrx_word' id='word_1_137' title='bbox 1248 2660 1393 2776; x_wconf 36' lang='lat' dir='ltr'><strong>‘pragmata</strong></span> 
     </span>
     <span class='ocr_line' id='line_1_19' title="bbox 186 2793 1320 2914; baseline 0.001 -56"><span class='ocrx_word' id='word_1_138' title='bbox 186 2795 273 2860; x_wconf 79' lang='lat' dir='ltr'><strong>aoeio</strong></span> <span class='ocrx_word' id='word_1_139' title='bbox 311 2795 382 2881; x_wconf 84' lang='lat' dir='ltr'><strong>ejus</strong></span> <span class='ocrx_word' id='word_1_140' title='bbox 422 2796 563 2862; x_wconf 88' lang='lat' dir='ltr'><strong>Viviano</strong></span> <span class='ocrx_word' id='word_1_141' title='bbox 600 2798 703 2864; x_wconf 87' lang='lat' dir='ltr'><strong>amiee</strong></span> <span class='ocrx_word' id='word_1_142' title='bbox 742 2805 777 2862; x_wconf 91' lang='lat' dir='ltr'><strong>et</strong></span> <span class='ocrx_word' id='word_1_143' title='bbox 821 2804 1010 2863; x_wconf 86' lang='lat' dir='ltr'><strong>reverenter</strong></span> <span class='ocrx_word' id='word_1_144' title='bbox 1058 2793 1320 2914; x_wconf 52' lang='lat' dir='ltr'><strong>exceptusfprcp·</strong></span> 
     </span>
     <span class='ocr_line' id='line_1_20' title="bbox 187 2873 1349 2987; baseline 0.003 -28"><span class='ocrx_word' id='word_1_145' title='bbox 187 2896 383 2961; x_wconf 81' lang='lat' dir='ltr'><strong>familiarius</strong></span> <span class='ocrx_word' id='word_1_146' title='bbox 406 2898 506 2963; x_wconf 92' lang='lat' dir='ltr'><strong>didiei</strong></span> <span class='ocrx_word' id='word_1_147' title='bbox 542 2900 631 2984; x_wconf 83' lang='lat' dir='ltr'><strong>quod</strong></span> <span class='ocrx_word' id='word_1_148' title='bbox 666 2899 821 2964; x_wconf 82' lang='lat' dir='ltr'><strong>dominus</strong></span> <span class='ocrx_word' id='word_1_149' title='bbox 844 2920 930 2987; x_wconf 89' lang='lat' dir='ltr'><strong>papa</strong></span> <span class='ocrx_word' id='word_1_150' title='bbox 953 2905 988 2963; x_wconf 90' lang='lat' dir='ltr'><strong>et</strong></span> <span class='ocrx_word' id='word_1_151' title='bbox 1011 2897 1147 2963; x_wconf 78' lang='lat' dir='ltr'><strong>eeclesia</strong></span> <span class='ocrx_word' id='word_1_152' title='bbox 1170 2896 1234 2962; x_wconf 83' lang='lat' dir='ltr'><strong>Ro·</strong></span> <span class='ocrx_word' id='word_1_153' title='bbox 1266 2874 1288 2907; x_wconf 63' lang='lat'><strong>¹¹</strong></span> <span class='ocrx_word' id='word_1_154' title='bbox 1307 2873 1349 2923; x_wconf 66' lang='lat'><strong>⁰¹¹</strong></span> 
     </span>
     <span class='ocr_line' id='line_1_21' title="bbox 186 2999 1234 3088; baseline 0.001 -26"><span class='ocrx_word' id='word_1_155' title='bbox 186 3021 284 3065; x_wconf 84' lang='lat' dir='ltr'><strong>mana</strong></span> <span class='ocrx_word' id='word_1_156' title='bbox 300 2999 595 3066; x_wconf 80' lang='lat' dir='ltr'><strong>Cautuariensibus</strong></span> <span class='ocrx_word' id='word_1_157' title='bbox 617 3001 797 3088; x_wconf 84' lang='lat' dir='ltr'><strong>plurimum</strong></span> <span class='ocrx_word' id='word_1_158' title='bbox 813 3000 938 3065; x_wconf 85' lang='lat' dir='ltr'><strong>favent</strong></span> <span class='ocrx_word' id='word_1_159' title='bbox 985 3000 1078 3065; x_wconf 85' lang='lat' dir='ltr'><strong>Adeo</strong></span> <span class='ocrx_word' id='word_1_160' title='bbox 1101 3001 1234 3086; x_wconf 87' lang='lat' dir='ltr'><strong>quidem</strong></span> 
     </span>
    </p>

    <p class='ocr_par' dir='ltr' id='par_1_8' title="bbox 186 3084 1309 3494">
     <span class='ocr_line' id='line_1_22' title="bbox 187 3084 1234 3189; baseline 0.002 -24"><span class='ocrx_word' id='word_1_161' title='bbox 187 3107 226 3165; x_wconf 92' lang='lat' dir='ltr'><strong>ut</strong></span> <span class='ocrx_word' id='word_1_162' title='bbox 248 3101 313 3165; x_wconf 87' lang='lat' dir='ltr'><strong>nisi</strong></span> <span class='ocrx_word' id='word_1_163' title='bbox 336 3124 394 3167; x_wconf 86' lang='lat' dir='ltr'><strong>rex</strong></span> <span class='ocrx_word' id='word_1_164' title='bbox 416 3124 506 3168; x_wconf 89' lang='lat' dir='ltr'><strong>nune</strong></span> <span class='ocrx_word' id='word_1_165' title='bbox 528 3084 602 3168; x_wconf 82' lang='lat' dir='ltr'><strong>enm</strong></span> <span class='ocrx_word' id='word_1_166' title='bbox 626 3103 759 3167; x_wconf 91' lang='lat' dir='ltr'><strong>domino</strong></span> <span class='ocrx_word' id='word_1_167' title='bbox 783 3102 870 3168; x_wconf 85' lang='lat' dir='ltr'><strong>Cant</strong></span> <span class='ocrx_word' id='word_1_168' title='bbox 856 3103 1016 3167; x_wconf 82' lang='lat' dir='ltr'><strong>tuariensi</strong></span> <span class='ocrx_word' id='word_1_169' title='bbox 1034 3103 1135 3189; x_wconf 86' lang='lat' dir='ltr'><strong>juxta</strong></span> <span class='ocrx_word' id='word_1_170' title='bbox 1158 3125 1234 3170; x_wconf 91' lang='lat' dir='ltr'><strong>eon-</strong></span> 
     </span>
     <span class='ocr_line' id='line_1_23' title="bbox 187 3203 1233 3291; baseline 0.006 -26"><span class='ocrx_word' id='word_1_171' title='bbox 187 3203 296 3266; x_wconf 80' lang='lat' dir='ltr'><strong>silium</strong></span> <span class='ocrx_word' id='word_1_172' title='bbox 337 3204 461 3269; x_wconf 88' lang='lat' dir='ltr'><strong>domini</strong></span> <span class='ocrx_word' id='word_1_173' title='bbox 498 3205 617 3291; x_wconf 77' lang='lat' dir='ltr'><strong>papre⁵</strong></span> <span class='ocrx_word' id='word_1_174' title='bbox 639 3205 754 3271; x_wconf 84' lang='lat' dir='ltr'><strong>feeerit</strong></span> <span class='ocrx_word' id='word_1_175' title='bbox 777 3226 899 3291; x_wconf 81' lang='lat' dir='ltr'><strong>paoem,</strong></span> <span class='ocrx_word' id='word_1_176' title='bbox 939 3205 968 3270; x_wconf 92' lang='lat' dir='ltr'><strong>ei</strong></span> <span class='ocrx_word' id='word_1_177' title='bbox 1004 3206 1233 3272; x_wconf 84' lang='lat' dir='ltr'><strong>denuntiaturi</strong></span> 
     </span>
     <span class='ocr_line' id='line_1_24' title="bbox 186 3305 1309 3395; baseline 0.006 -27"><span class='ocrx_word' id='word_1_178' title='bbox 186 3305 263 3380; x_wconf 78' lang='lat' dir='ltr'><strong>sint,</strong></span> <span class='ocrx_word' id='word_1_179' title='bbox 286 3306 374 3391; x_wconf 90' lang='lat' dir='ltr'><strong>quod</strong></span> <span class='ocrx_word' id='word_1_180' title='bbox 397 3327 464 3384; x_wconf 78' lang='lat' dir='ltr'><strong>nou</strong></span> <span class='ocrx_word' id='word_1_181' title='bbox 488 3307 584 3372; x_wconf 91' lang='lat' dir='ltr'><strong>modo</strong></span> <span class='ocrx_word' id='word_1_182' title='bbox 617 3307 653 3370; x_wconf 90' lang='lat' dir='ltr'><strong>in</strong></span> <span class='ocrx_word' id='word_1_183' title='bbox 685 3328 803 3371; x_wconf 87' lang='lat' dir='ltr'><strong>manus</strong></span> <span class='ocrx_word' id='word_1_184' title='bbox 826 3307 1064 3395; x_wconf 83' lang='lat' dir='ltr'><strong>arehiepiscopi</strong></span> <span class='ocrx_word' id='word_1_185' title='bbox 1087 3308 1233 3384; x_wconf 86' lang='lat' dir='ltr'><strong>dabitur,</strong></span> <span class='ocrx_word' id='word_1_186' title='bbox 1305 3367 1309 3375; x_wconf 87' lang='lat'>.</span> 
     </span>
     <span class='ocr_line' id='line_1_25' title="bbox 189 3407 1235 3494; baseline 0.003 -24"><span class='ocrx_word' id='word_1_187' title='bbox 189 3407 247 3471; x_wconf 76' lang='lat' dir='ltr'><strong>aed</strong></span> <span class='ocrx_word' id='word_1_188' title='bbox 269 3413 304 3471; x_wconf 90' lang='lat' dir='ltr'><strong>et</strong></span> <span class='ocrx_word' id='word_1_189' title='bbox 327 3407 396 3493; x_wconf 84' lang='lat' dir='ltr'><strong>ipse</strong></span> <span class='ocrx_word' id='word_1_190' title='bbox 432 3407 602 3473; x_wconf 83' lang='lat' dir='ltr'><strong>Romanus</strong></span> <span class='ocrx_word' id='word_1_191' title='bbox 635 3408 786 3494; x_wconf 85' lang='lat' dir='ltr'><strong>pontifex</strong></span> <span class='ocrx_word' id='word_1_192' title='bbox 822 3409 856 3472; x_wconf 92' lang='lat' dir='ltr'><strong>in</strong></span> <span class='ocrx_word' id='word_1_193' title='bbox 881 3430 957 3472; x_wconf 90' lang='lat' dir='ltr'><strong>eum</strong></span> <span class='ocrx_word' id='word_1_194' title='bbox 992 3414 1235 3494; x_wconf 81' lang='lat' dir='ltr'><strong>aggravaturus</strong></span> 
     </span>
    </p>

    <p class='ocr_par' dir='ltr' id='par_1_9' title="bbox 189 3509 1235 3595">
     <span class='ocr_line' id='line_1_26' title="bbox 189 3509 1235 3595; baseline 0.003 -24"><span class='ocrx_word' id='word_1_195' title='bbox 189 3514 240 3572; x_wconf 81' lang='lat' dir='ltr'><strong>est</strong></span> <span class='ocrx_word' id='word_1_196' title='bbox 263 3529 393 3572; x_wconf 87' lang='lat' dir='ltr'><strong>manum</strong></span> <span class='ocrx_word' id='word_1_197' title='bbox 420 3531 520 3574; x_wconf 83' lang='lat' dir='ltr'><strong>suam.</strong></span> <span class='ocrx_word' id='word_1_198' title='bbox 568 3509 664 3595; x_wconf 78' lang='lat' dir='ltr'><strong>Quod</strong></span> <span class='ocrx_word' id='word_1_199' title='bbox 686 3515 799 3574; x_wconf 87' lang='lat' dir='ltr'><strong>autem</strong></span> <span class='ocrx_word' id='word_1_200' title='bbox 823 3509 947 3574; x_wconf 87' lang='lat' dir='ltr'><strong>multos</strong></span> <span class='ocrx_word' id='word_1_201' title='bbox 969 3510 1084 3574; x_wconf 91' lang='lat' dir='ltr'><strong>mirari</strong></span> <span class='ocrx_word' id='word_1_202' title='bbox 1107 3513 1235 3588; x_wconf 75' lang='lat' dir='ltr'><strong>asseria,</strong></span> 
     </span>
    </p>

    <p class='ocr_par' dir='ltr' id='par_1_10' title="bbox 186 3609 1235 4106">
     <span class='ocr_line' id='line_1_27' title="bbox 191 3609 1233 3697; baseline 0.003 -25"><span class='ocrx_word' id='word_1_203' title='bbox 191 3630 257 3694; x_wconf 89' lang='lat' dir='ltr'><strong>quo</strong></span> <span class='ocrx_word' id='word_1_204' title='bbox 274 3609 360 3694; x_wconf 88' lang='lat' dir='ltr'><strong>juris</strong></span> <span class='ocrx_word' id='word_1_205' title='bbox 384 3610 499 3675; x_wconf 87' lang='lat' dir='ltr'><strong>ordine</strong></span> <span class='ocrx_word' id='word_1_206' title='bbox 521 3611 773 3676; x_wconf 80' lang='lat' dir='ltr'><strong>Oantuarienaie</strong></span> <span class='ocrx_word' id='word_1_207' title='bbox 807 3610 1145 3677; x_wconf 84' lang='lat' dir='ltr'><strong>excommunicaverit</strong></span> <span class='ocrx_word' id='word_1_208' title='bbox 1167 3612 1233 3697; x_wconf 85' lang='lat' dir='ltr'><strong>epi·</strong></span> 
     </span>
     <span class='ocr_line' id='line_1_28' title="bbox 188 3715 1235 3801; baseline 0.001 -21"><span class='ocrx_word' id='word_1_209' title='bbox 188 3736 302 3801; x_wconf 81' lang='lat' dir='ltr'><strong>aeopos</strong></span> <span class='ocrx_word' id='word_1_210' title='bbox 326 3720 361 3780; x_wconf 88' lang='lat' dir='ltr'><strong>et</strong></span> <span class='ocrx_word' id='word_1_211' title='bbox 383 3715 473 3793; x_wconf 87' lang='lat' dir='ltr'><strong>alios,</strong></span> <span class='ocrx_word' id='word_1_212' title='bbox 495 3737 563 3780; x_wconf 91' lang='lat' dir='ltr'><strong>non</strong></span> <span class='ocrx_word' id='word_1_213' title='bbox 586 3716 756 3782; x_wconf 78' lang='lat' dir='ltr'><strong>convictos</strong></span> <span class='ocrx_word' id='word_1_214' title='bbox 787 3716 828 3781; x_wconf 90' lang='lat' dir='ltr'><strong>de</strong></span> <span class='ocrx_word' id='word_1_215' title='bbox 852 3716 988 3782; x_wconf 90' lang='lat' dir='ltr'><strong>erimine</strong></span> <span class='ocrx_word' id='word_1_216' title='bbox 1011 3738 1071 3782; x_wconf 79' lang='lat' dir='ltr'><strong>seu</strong></span> <span class='ocrx_word' id='word_1_217' title='bbox 1094 3718 1135 3781; x_wconf 89' lang='lat' dir='ltr'><strong>de</strong></span> <span class='ocrx_word' id='word_1_218' title='bbox 1157 3738 1235 3783; x_wconf 88' lang='lat' dir='ltr'><strong>eon·</strong></span> 
     </span>
     <span class='ocr_line' id='line_1_29' title="bbox 188 3817 1233 3904; baseline 0.002 -22"><span class='ocrx_word' id='word_1_219' title='bbox 188 3819 341 3894; x_wconf 84' lang='lat' dir='ltr'><strong>tumaeia,</strong></span> <span class='ocrx_word' id='word_1_220' title='bbox 363 3839 424 3884; x_wconf 88' lang='lat' dir='ltr'><strong>nee</strong></span> <span class='ocrx_word' id='word_1_221' title='bbox 446 3818 619 3895; x_wconf 82' lang='lat' dir='ltr'><strong>confessos,</strong></span> <span class='ocrx_word' id='word_1_222' title='bbox 643 3818 700 3883; x_wconf 82' lang='lat' dir='ltr'><strong>aed</strong></span> <span class='ocrx_word' id='word_1_223' title='bbox 723 3839 783 3883; x_wconf 88' lang='lat' dir='ltr'><strong>nee</strong></span> <span class='ocrx_word' id='word_1_224' title='bbox 806 3818 925 3883; x_wconf 82' lang='lat' dir='ltr'><strong>citatos</strong></span> <span class='ocrx_word' id='word_1_225' title='bbox 947 3817 1057 3894; x_wconf 80' lang='lat' dir='ltr'><strong>semel,</strong></span> <span class='ocrx_word' id='word_1_226' title='bbox 1080 3824 1114 3882; x_wconf 89' lang='lat' dir='ltr'><strong>et</strong></span> <span class='ocrx_word' id='word_1_227' title='bbox 1131 3819 1233 3904; x_wconf 83' lang='lat' dir='ltr'><strong>(quod</strong></span> 
     </span>
     <span class='ocr_line' id='line_1_30' title="bbox 186 3919 1234 4006; baseline 0.002 -23"><span class='ocrx_word' id='word_1_228' title='bbox 186 3920 319 4006; x_wconf 78' lang='lat' dir='ltr'><strong>gravius</strong></span> <span class='ocrx_word' id='word_1_229' title='bbox 357 3922 421 4003; x_wconf 82' lang='lat' dir='ltr'><strong>eat)</strong></span> <span class='ocrx_word' id='word_1_230' title='bbox 461 3934 536 4006; x_wconf 83' lang='lat' dir='ltr'><strong>poet</strong></span> <span class='ocrx_word' id='word_1_231' title='bbox 568 3919 834 4005; x_wconf 83' lang='lat' dir='ltr'><strong>appellationem,</strong></span> <span class='ocrx_word' id='word_1_232' title='bbox 867 3920 1054 3985; x_wconf 90' lang='lat' dir='ltr'><strong>mirandum</strong></span> <span class='ocrx_word' id='word_1_233' title='bbox 1100 3920 1234 4006; x_wconf 88' lang='lat' dir='ltr'><strong>quidem</strong></span> 
     </span>
     <span class='ocr_line' id='line_1_31' title="bbox 188 4019 1233 4106; baseline 0 -19"><span class='ocrx_word' id='word_1_234' title='bbox 188 4029 280 4099; x_wconf 79' lang='lat' dir='ltr'><strong>esset,</strong></span> <span class='ocrx_word' id='word_1_235' title='bbox 318 4023 345 4086; x_wconf 85' lang='lat' dir='ltr'><strong>si</strong></span> <span class='ocrx_word' id='word_1_236' title='bbox 385 4019 455 4086; x_wconf 75' lang='lat' dir='ltr'><strong>de⁰</strong></span> <span class='ocrx_word' id='word_1_237' title='bbox 508 4021 650 4086; x_wconf 88' lang='lat' dir='ltr'><strong>veritate</strong></span> <span class='ocrx_word' id='word_1_238' title='bbox 695 4021 903 4106; x_wconf 89' lang='lat' dir='ltr'><strong>querimonia</strong></span> <span class='ocrx_word' id='word_1_239' title='bbox 952 4022 1120 4087; x_wconf 83' lang='lat' dir='ltr'><strong>niteretur.</strong></span> <span class='ocrx_word' id='word_1_240' title='bbox 1167 4021 1233 4087; x_wconf 90' lang='lat' dir='ltr'><strong>Sed</strong></span> 
     </span>
    </p>
   </div>
   <div class='ocr_carea' id='block_1_3' title="bbox 242 4219 1232 4228">
    <p class='ocr_par' dir='ltr' id='par_1_11' title="bbox 242 4219 1232 4228">
     <span class='ocr_line' id='line_1_32' title="bbox 242 4219 1232 4228; baseline -0.001 -1"><span class='ocrx_word' id='word_1_241' title='bbox 242 4219 444 4228; x_wconf 72' lang='lat' dir='ltr'><strong>-—--a-—---</strong></span> <span class='ocrx_word' id='word_1_242' title='bbox 453 4219 725 4227; x_wconf 65' lang='lat'><strong>---—--—-.-—.-—.</strong></span> <span class='ocrx_word' id='word_1_243' title='bbox 758 4220 829 4226; x_wconf 80' lang='lat'><strong>--</strong></span> <span class='ocrx_word' id='word_1_244' title='bbox 838 4219 957 4226; x_wconf 72' lang='lat'><strong>--—----</strong></span> <span class='ocrx_word' id='word_1_245' title='bbox 969 4220 1025 4225; x_wconf 75' lang='grc'>.---</span> <span class='ocrx_word' id='word_1_246' title='bbox 1039 4220 1090 4225; x_wconf 84' lang='lat'>.....-</span> <span class='ocrx_word' id='word_1_247' title='bbox 1112 4222 1115 4225; x_wconf 92' lang='lat'>.</span> <span class='ocrx_word' id='word_1_248' title='bbox 1152 4221 1190 4227; x_wconf 46' lang='lat' dir='ltr'><strong>...r</strong></span> <span class='ocrx_word' id='word_1_249' title='bbox 1227 4222 1232 4226; x_wconf 96' lang='lat'>.</span> 
     </span>
    </p>
   </div>
   <div class='ocr_carea' id='block_1_4' title="bbox 190 4342 1240 4802">
    <p class='ocr_par' dir='ltr' id='par_1_12' title="bbox 190 4342 1057 4487">
     <span class='ocr_line' id='line_1_33' title="bbox 221 4342 963 4409; baseline 0 -15"><span class='ocrx_word' id='word_1_250' title='bbox 221 4346 228 4379; x_wconf 89' lang='lat'>¹</span> <span class='ocrx_word' id='word_1_251' title='bbox 255 4344 418 4405; x_wconf 77' lang='lat' dir='ltr'><strong>l&#39;izilliaeum,</strong></span> <span class='ocrx_word' id='word_1_252' title='bbox 449 4345 490 4403; x_wconf 85' lang='lat' dir='ltr'><strong>V;</strong></span> <span class='ocrx_word' id='word_1_253' title='bbox 529 4342 686 4402; x_wconf 67' lang='lat' dir='ltr'><strong>Viriliucrna</strong></span> <span class='ocrx_word' id='word_1_254' title='bbox 768 4344 963 4409; x_wconf 77' lang='lat' dir='ltr'><strong>⁴aeoeptus,0.</strong></span> 
     </span>
     <span class='ocr_line' id='line_1_34' title="bbox 190 4420 1057 4487; baseline -0.002 -14"><span class='ocrx_word' id='word_1_255' title='bbox 190 4424 227 4482; x_wconf 66' lang='lat'><strong>713</strong></span> <span class='ocrx_word' id='word_1_256' title='bbox 250 4420 457 4483; x_wconf 67' lang='lat' dir='ltr'><strong>Vadimul.</strong></span> <span class='ocrx_word' id='word_1_257' title='bbox 768 4423 778 4453; x_wconf 76' lang='lat'>⁵</span> <span class='ocrx_word' id='word_1_258' title='bbox 792 4437 874 4487; x_wconf 72' lang='lat' dir='ltr'><strong>papo.</strong></span> <span class='ocrx_word' id='word_1_259' title='bbox 886 4438 936 4472; x_wconf 90' lang='lat' dir='ltr'><strong>orn.</strong></span> <span class='ocrx_word' id='word_1_260' title='bbox 949 4420 983 4472; x_wconf 84' lang='lat' dir='ltr'><strong>L.</strong></span> <span class='ocrx_word' id='word_1_261' title='bbox 1054 4451 1057 4456; x_wconf 79' lang='lat'><em>,</em></span> 
     </span>
    </p>

    <p class='ocr_par' dir='ltr' id='par_1_13' title="bbox 221 4500 1240 4565">
     <span class='ocr_line' id='line_1_35' title="bbox 221 4500 1240 4565; baseline 0.001 -15"><span class='ocrx_word' id='word_1_262' title='bbox 221 4502 232 4534; x_wconf 73' lang='lat'><strong>²</strong></span> <span class='ocrx_word' id='word_1_263' title='bbox 248 4517 385 4565; x_wconf 74' lang='grc' dir='ltr'>ωφιοιιοι,</span> <span class='ocrx_word' id='word_1_264' title='bbox 397 4503 426 4552; x_wconf 83' lang='grc' dir='ltr'><strong>Ζ.</strong></span> <span class='ocrx_word' id='word_1_265' title='bbox 768 4500 779 4530; x_wconf 76' lang='lat'>⁶</span> <span class='ocrx_word' id='word_1_266' title='bbox 796 4500 825 4549; x_wconf 90' lang='lat' dir='ltr'><strong>de</strong></span> <span class='ocrx_word' id='word_1_267' title='bbox 832 4517 881 4549; x_wconf 81' lang='lat' dir='ltr'><strong>ver.</strong></span> <span class='ocrx_word' id='word_1_268' title='bbox 890 4501 1051 4563; x_wconf 60' lang='lat' dir='ltr'><strong>quemnemo,</strong></span> <span class='ocrx_word' id='word_1_269' title='bbox 1063 4500 1096 4560; x_wconf 82' lang='grc' dir='ltr'><strong>Ο,</strong></span> <span class='ocrx_word' id='word_1_270' title='bbox 1105 4500 1134 4559; x_wconf 83' lang='grc' dir='ltr'><strong>Ζ,</strong></span> <span class='ocrx_word' id='word_1_271' title='bbox 1147 4501 1170 4551; x_wconf 89' lang='lat' dir='ltr'>G</span> <span class='ocrx_word' id='word_1_272' title='bbox 1182 4522 1188 4560; x_wconf 70' lang='lat' dir='ltr'>J</span> <span class='ocrx_word' id='word_1_273' title='bbox 1210 4501 1240 4552; x_wconf 81' lang='lat' dir='ltr'><strong>de</strong></span> 
     </span>
    </p>

    <p class='ocr_par' dir='ltr' id='par_1_14' title="bbox 193 4578 1239 4723">
     <span class='ocr_line' id='line_1_36' title="bbox 222 4578 1239 4643; baseline -0.001 -14"><span class='ocrx_word' id='word_1_274' title='bbox 222 4578 411 4642; x_wconf 62' lang='lat' dir='ltr'><strong>‘Getarum</strong></span> <span class='ocrx_word' id='word_1_275' title='bbox 435 4578 468 4629; x_wconf 79' lang='lat' dir='ltr'><strong>L.</strong></span> <span class='ocrx_word' id='word_1_276' title='bbox 514 4580 643 4642; x_wconf 74' lang='lat' dir='ltr'><strong>(Gratiae</strong></span> <span class='ocrx_word' id='word_1_277' title='bbox 667 4578 689 4628; x_wconf 81' lang='lat' dir='ltr'><strong>ie</strong></span> <span class='ocrx_word' id='word_1_278' title='bbox 712 4604 715 4643; x_wconf 68' lang='lat' dir='ltr'>J</span> <span class='ocrx_word' id='word_1_279' title='bbox 737 4579 1110 4641; x_wconf 73' lang='lat' dir='ltr'><strong>1·er.qner.taeatiaumimu,V;</strong></span> <span class='ocrx_word' id='word_1_280' title='bbox 1130 4581 1239 4629; x_wconf 78' lang='lat' dir='ltr'><strong>ueritate</strong></span> 
     </span>
     <span class='ocr_line' id='line_1_37' title="bbox 193 4646 1160 4723; baseline 0.001 -15"><span class='ocrx_word' id='word_1_281' title='bbox 193 4658 342 4708; x_wconf 66' lang='lat' dir='ltr'><strong>considered</strong></span> <span class='ocrx_word' id='word_1_282' title='bbox 360 4657 503 4723; x_wconf 77' lang='lat' dir='ltr'><strong>equivalent</strong></span> <span class='ocrx_word' id='word_1_283' title='bbox 522 4666 549 4709; x_wconf 81' lang='lat' dir='ltr'><strong>to</strong></span> <span class='ocrx_word' id='word_1_284' title='bbox 568 4658 648 4717; x_wconf 78' lang='lat' dir='ltr'><strong>John,</strong></span> <span class='ocrx_word' id='word_1_285' title='bbox 659 4673 693 4709; x_wconf 91' lang='lat' dir='ltr'><strong>ou</strong></span> <span class='ocrx_word' id='word_1_286' title='bbox 713 4646 716 4713; x_wconf 94' lang='grc' dir='ltr'>Ι</span> <span class='ocrx_word' id='word_1_287' title='bbox 737 4657 768 4708; x_wconf 81' lang='lat' dir='ltr'><strong>de</strong></span> <span class='ocrx_word' id='word_1_288' title='bbox 779 4659 931 4722; x_wconf 67' lang='lat' dir='ltr'><strong>querimonia</strong></span> <span class='ocrx_word' id='word_1_289' title='bbox 944 4657 1114 4719; x_wconf 67' lang='lat' dir='ltr'><strong>testimoninm,</strong></span> <span class='ocrx_word' id='word_1_290' title='bbox 1126 4658 1160 4709; x_wconf 75' lang='lat' dir='ltr'><strong>L.</strong></span> 
     </span>
    </p>

    <p class='ocr_par' dir='ltr' id='par_1_15' title="bbox 198 4735 718 4802">
     <span class='ocr_line' id='line_1_38' title="bbox 198 4735 718 4802; baseline 0.002 -15"><span class='ocrx_word' id='word_1_291' title='bbox 198 4737 241 4788; x_wconf 76' lang='lat' dir='ltr'><strong>the</strong></span> <span class='ocrx_word' id='word_1_292' title='bbox 251 4738 349 4802; x_wconf 76' lang='lat' dir='ltr'><strong>ground</strong></span> <span class='ocrx_word' id='word_1_293' title='bbox 360 4735 391 4787; x_wconf 79' lang='lat' dir='ltr'><strong>ol</strong></span> <span class='ocrx_word' id='word_1_294' title='bbox 399 4737 549 4789; x_wconf 79' lang='lat' dir='ltr'><strong>derivatim.</strong></span> <span class='ocrx_word' id='word_1_295' title='bbox 714 4776 718 4802; x_wconf 87' lang='grc'>,</span> 
     </span>
    </p>
   </div>
   <div class='ocr_carea' id='block_1_5' title="bbox 1038 4827 1104 4887">
    <p class='ocr_par' dir='ltr' id='par_1_16' title="bbox 1038 4827 1104 4887">
     <span class='ocr_line' id='line_1_39' title="bbox 1038 4827 1104 4887; baseline 0.015 -1"><span class='ocrx_word' id='word_1_296' title='bbox 1038 4827 1104 4887; x_wconf 65' lang='lat' dir='ltr'><strong>at</strong></span> 
     </span>
    </p>
   </div>
   <div class='ocr_carea' id='block_1_6' title="bbox 0 0 1644 5662">
    <p class='ocr_par' dir='ltr' id='par_1_17' title="bbox 0 0 1644 5662">
     <span class='ocr_line' id='line_1_40' title="bbox 0 0 1644 5662; baseline 0 1"><span class='ocrx_word' id='word_1_297' title='bbox 0 0 1644 5662; x_wconf 95' lang='lat' dir='ltr'><strong> </strong></span> 
     </span>
    </p>
   </div>
  </div>
 </body>
</html>
