3278 5662
244 755 311 806 sn.
329 737 438 824 1170.]
680 755 856 802 nnrsronnr.
1231 744 1293 804 251

245 947 330 1007 teras
369 943 544 1030 originales
575 966 656 1029 quas
690 944 859 1030 recepistis
892 965 958 1007 non
997 942 1150 1006 deferatis
1184 941 1292 1005 vobis·

245 1066 326 1123 cum,
351 1047 408 1111 sed
432 1049 640 1132 transcripta,
664 1049 742 1133 quia
766 1047 903 1112 insidias
926 1048 961 1111 in
992 1047 1104 1110 littore
1127 1046 1237 1132 posuit
1260 1051 1295 1109 et

244 1151 466 1237 exploratores
500 1153 721 1238 gravissimos,
745 1153 802 1238 qui
837 1153 965 1216 litteras
996 1152 1186 1237 hujusmodi
1210 1173 1292 1236 pire·
1309 1163 1406 1215 Lectus

243 1255 348 1340 ripere
372 1264 621 1321 consueverunt.
662 1257 728 1319 Vos
752 1257 840 1320 enim
864 1252 1036 1340 originalia
1059 1254 1236 1339 recepistis,
1260 1259 1294 1317 et
1308 1234 1404 1282 ⁰¹¹⁸²¹s²²

243 1356 305 1441 ipsi
330 1358 399 1443 regi
424 1359 636 1422 denuntiarit
659 1358 811 1422 dominus
835 1378 921 1443 papa
944 1358 1030 1441 quod
1055 1379 1113 1420 vos
1135 1357 1293 1419 missurus

243 1466 334 1538 erat;
357 1483 416 1524 nee
447 1461 615 1536 tenemini,
639 1461 696 1524 sed
729 1483 788 1525 nee
820 1460 963 1545 expedit,
988 1464 1026 1523 ut
1060 1461 1089 1523 ei
1125 1465 1193 1523 tam
1227 1460 1292 1524 cito

243 1561 426 1626 innoteseat
450 1563 608 1647 quiequid
631 1564 725 1627 vobis
753 1563 868 1627 datum
894 1569 944 1627 est
969 1563 1002 1624 in
1027 1561 1203 1625 mandatis.
1249 1562 1293 1624 Et

242 1664 320 1746 quia
343 1664 504 1729 incertum
528 1672 577 1729 est
600 1687 643 1728 an
666 1671 757 1730 metu
780 1666 953 1730 sententie
975 1665 1179 1728 imminentis
1200 1662 1294 1727 vobis

242 1766 374 1851 aliquod
414 1769 479 1833 cito
517 1769 675 1833 redeundi
716 1773 890 1855 paraturus
928 1770 973 1832 sit
1011 1768 1293 1852 impedimentum,

241 1889 370 1932 necesse
403 1876 460 1945 est,
485 1870 512 1933 si
545 1871 661 1956 placet,
689 1877 724 1934 et
755 1871 783 1933 si
818 1870 922 1934 vultis
949 1875 989 1934 ut
1021 1874 1152 1955 opertet
1185 1890 1293 1934 causae
1394 1930 1401 1939 .

240 1971 432 2054 prospicere,
456 1976 619 2054 qnatenus
642 1971 792 2035 scribatis
808 1972 967 2056 episcopis
990 1971 1173 2036 cismarinis
1191 1970 1294 2053 juxta
1308 1976 1419 2054 llenp’s

241 2072 485 2156 conceptionem
510 2073 696 2136 litterarum
727 2072 852 2135 domini
883 2094 985 2157 papae,
1010 2072 1230 2157 precipiendo
1253 2077 1292 2136 ut
1305 2051 1458 2172 fflnffissffil'm

240 2194 298 2256 per
336 2174 506 2257 parochias
544 2195 619 2237 suas
661 2173 776 2236 divina
821 2173 1018 2257 prohibeant
1056 2173 1211 2238 celebrari
1249 2196 1291 2238 ex

240 2295 305 2357 quo
329 2276 489 2338 temrinus
512 2276 581 2359 regi
605 2274 755 2338 indultus
779 2274 909 2360 elapsus
940 2276 1064 2355 fuerit3
1095 2277 1290 2362 easdemque

239 2374 368 2438 litteras
406 2383 532 2440 vestras
570 2376 786 2440 committatis
825 2377 958 2441 domine
994 2377 1185 2454 Senonensi,
1225 2379 1292 2464 qni,

239 2497 314 2540 eum
347 2477 494 2562 exegerit
525 2499 585 2553 res,
618 2477 809 2562 procurabit
843 2484 882 2541 ut
915 2484 1063 2542 vestrum
1096 2480 1290 2543 mandatum

239 2579 407 2643 ecelesiisl
432 2579 627 2665 publicetur.
666 2581 739 2645 Hoc
754 2581 855 2644 etiam
872 2582 961 2665 apud
978 2604 1086 2662 regem
1110 2583 1290 2668 plurimum

239 2680 348 2744 valere
372 2682 503 2765 poterit,
527 2682 553 2743 si
578 2681 640 2744 sibi
665 2703 857 2766 persuasum
881 2681 981 2746 fuerit
1002 2683 1089 2767 qued
1113 2684 1289 2748 necessitas

239 2784 409 2848 immineat
432 2785 614 2849 cismarinis
643 2784 803 2869 episeopis
834 2785 1028 2849 mandatum
1063 2786 1288 2870 apostolicum,

238 2885 395 2969 quiequid
428 2885 522 2949 vobis
557 2885 694 2960 aecidat,
728 2886 936 2969 exsequendi.
999 2886 1086 2951 Sane
1121 2889 1287 2973 quotiens-

237 3009 374 3072 cumque
398 2987 589 3054 vobiscum
620 2988 757 3072 praefato
787 3010 862 3074 rege
886 3011 928 3053 ex
959 3010 1163 3075 quacumque
1190 3013 1287 3056 eausa
1300 3002 1415 3067 Insper-

237 3088 340 3152 fuerit
374 3089 643 3165 contrahendum,
676 3090 814 3154 redeant
847 3091 882 3155 in
917 3092 1108 3156 memoriam
1142 3099 1286 3157 vestram
1299 3072 1359 3134 fiuy.

237 3189 356 3254 fratres
380 3190 508 3274 Templi
532 3197 566 3254 et
596 3188 824 3254 xenodochii2
855 3191 1161 3276 Hierosolymitani‚
1184 3195 1289 3259 cardi·

237 3292 327 3356 nales
350 3300 384 3356 et
406 3292 517 3356 nuntii
546 3292 671 3356 domini
702 3312 806 3377 papae,
831 3291 1058 3359 Cartusienses
1082 3301 1116 3360 et
1147 3296 1288 3361 Grandi-

236 3396 394 3471 montani,
429 3396 661 3459 cistercienses
699 3401 734 3459 et
771 3395 915 3480 episcopi
954 3402 1052 3462 terrae
1089 3420 1167 3476 sure,
1206 3421 1287 3484 quos

236 3519 349 3561 omnes
371 3499 406 3559 in
430 3496 532 3560 variis
564 3495 795 3574 contractibus,
820 3495 900 3559 dum
931 3499 1072 3583 propriae
1102 3500 1286 3565 voluntatis

236 3622 441 3685 quocumque
474 3600 571 3663 modo
604 3599 767 3662 nialitiam
801 3598 1005 3685 adimpleret,
1030 3603 1092 3665 etsi
1126 3602 1187 3667 hoe
1218 3603 1285 3688 ple-

235 3704 395 3788 rumque³
417 3725 484 3768 non
506 3703 696 3777 meruerint,
721 3703 830 3767 notari
854 3703 935 3768 feeit
957 3705 1103 3770 infamia.
1143 3707 1179 3770 Si
1196 3729 1284 3791 quie-

234 3806 328 3869 sierit
351 3826 393 3868 an
417 3805 457 3868 (le
480 3805 577 3867 rebus
600 3802 720 3867 ablatis
744 3809 778 3866 et
808 3803 910 3867 illatis
933 3804 1064 3889 injuriis
1094 3828 1207 3891 pacem
1241 3809 1286 3873 sit

234 3922 390 3992 perpetuo
421 3906 606 3981 habiturus,
630 3905 658 3967 si
692 3903 982 3990 arehiepiscopum,
1007 3914 1046 3971 ut
1068 3909 1195 3973 dietum
1227 3918 1286 3986 est,

234 4008 446 4083 revocaverit,
470 4008 622 4070 intimate
646 4007 676 4070 ei
702 4013 740 4070 ut
763 4028 824 4072 nee
858 4008 952 4071 vobis
987 4029 1047 4073 nec
1080 4009 1139 4072 alii
1173 4012 1285 4076 eredat

233 4133 267 4173 se
291 4111 374 4175 eitra
396 4109 629 4194 paenitentiam
652 4109 821 4192 abaliquo
844 4107 1015 4173 hominum
1040 4132 1133 4195 posse
1148 4112 1284 4195 alnolvi,

233 4219 293 4277 aut
316 4212 446 4276 veniam
470 4210 654 4296 promereri.
701 4209 788 4274 Nam
819 4210 855 4273 in
889 4211 1070 4297 Evangelio
1104 4214 1283 4278 secundum

234 4315 355 4380 Lucam
379 4314 429 4377 ait
460 4310 664 4376 Dominus:⁴
686 4312 888 4377 “Attendite
911 4314 1024 4392 vobis3
1049 4314 1078 4377 si
1101 4317 1285 4399 peccaverit

237 4479 362 4489 ,...--.
380 4479 394 4483 ..
412 4478 498 4483 ..-
515 4477 564 4482 -.-
597 4476 627 4481 -.-
650 4475 660 4481 -
697 4475 1055 4485 -—-—.-....-——

266 4569 273 4600 ¹
292 4567 411 4626 ecclesiia
423 4582 472 4616 om.
484 4566 514 4615 L.
814 4565 825 4598 ³
840 4564 1031 4631 plurimamque,
1043 4567 1086 4628 03
1103 4584 1170 4619 eorr.
1182 4571 1216 4631 A,
1228 4572 1255 4621 Ζ.

264 4648 274 4680 ²
292 4644 462 4703 exenodochii,
475 4645 509 4694 V.
815 4644 825 4676 ⁴
844 4644 976 4707 Dominus,
988 4647 1025 4708 A,
1036 4646 1073 4709 L;
1093 4646 1174 4711 Dens,
1185 4650 1216 4699 0.
