3278 5662
197 1926 317 1976 Interdiu

196 2002 223 2041 to
236 1994 267 2040 lm
279 2008 334 2057 pro-

196 2059 311 2109 neruum

369 795 435 858 2⁰0
809 808 991 859 morou.
1226 793 1308 876 [sn.
1325 793 1426 859 1170

368 994 728 1061 sosmlaciataecnre
759 995 934 1071 redimet
964 996 1251 1080 ibideminpace
1280 1016 1422 1060 manere

367 1096 660 1182 Archiepiwspum
691 1097 795 1161 etism
825 1096 870 1161 ad
900 1095 995 1161 illam
1029 1117 1144 1182 pacem
1178 1097 1422 1184 suscipiendam

371 1220 414 1263 ex
446 1207 541 1284 parte
572 1210 688 1262 nostra
722 1197 905 1263 atrrdiosiua
926 1196 1168 1273 exhortemini,¹
1205 1214 1241 1263 et
1273 1220 1349 1263 eum
1383 1212 1424 1263 nt

371 1320 450 1385 erga
471 1321 592 1384 regern,
615 1306 781 1384 quantum
802 1299 899 1364 salva
932 1299 1087 1364 lstsertate
1110 1300 1257 1365 eeclesiae
1289 1316 1326 1364 et
1346 1301 1423 1364 aba·

367 1423 432 1485 que
471 1400 619 1486 {sericulo
657 1400 742 1465 nuo²
778 1423 817 1467 ae
856 1422 994 1468 anorum
1032 1408 1150 1488 potest,
1188 1424 1222 1465 se
1266 1402 1422 1466 humiliet

367 1503 549 1568 instantius
572 1504 740 1568 moneatis
789 1503 1042 1568 Veruntamen⁸
1075 1506 1186 1569 sirex
1209 1505 1251 1568 ad
1284 1503 1421 1568 solutio

366 1603 468 1669 nern⁴
489 1603 580 1669 mille
603 1625 799 1682 marcarum,
823 1605 865 1668 de
888 1605 1010 1690 quibua
1031 1627 1132 1693 supra
1161 1605 1299 1670 fecimus
1329 1627 1421 1669 men·

366 1708 500 1783 tionem,
528 1706 680 1771 inclinari
704 1727 773 1770 non
796 1708 911 1792 possit,
945 1708 1100 1772 nolumus
1123 1720 1163 1771 ut
1184 1728 1254 1792 pax
1285 1717 1422 1792 propter

364 1809 427 1874 hoc
448 1808 662 1894 aliquatenus
684 1809 889 1894 impediatur
910 1811 938 1872 si
960 1810 1028 1874 alia
1049 1831 1108 1874 rex
1134 1809 1217 1874 velit
1236 1808 1421 1895 complere⁵

366 1909 462 1990 Quod
484 1911 513 1975 oi
537 1931 577 1975 ca
599 1932 674 1995 quae
697 1910 793 1975 nobis
814 1911 977 1997 promisit,
1000 1919 1035 1975 et
1058 1912 1203 1975 maxime
1225 1912 1268 1976 de
1289 1912 1420 1996 integra

365 2011 607 2097 mensionum
630 2009 817 2076 ablatarum
842 2012 1064 2088 restitutione,
1086 2020 1122 2077 et
1144 2012 1202 2076 illa
1224 2013 1327 2077 etiam
1344 2033 1420 2097 quae

196 2123 342 2185 §strictior
364 2113 427 2177 ribi
462 2113 503 2178 ‹lc
535 2113 648 2180 osculo
679 2112 964 2199 significavimus!
991 2115 1056 2178 niai
1087 2115 1172 2179 forte
1203 2113 1419 2200 archiepisco-

196 2191 229 2239 ‹lo
241 2202 285 2241 nor

195 2256 261 2307 lulssl
273 2259 315 2308 thr·

195 2332 279 2372 imm.

363 2237 425 2302 pus
449 2215 559 2282 osculo
583 2216 643 2279 tilii
666 2215 750 2280 velit
772 2237 843 2281 case
868 2223 1054 2293 contentus,
1078 2218 1166 2281 infra
1195 2217 1418 2303 quadraginta

362 2318 433 2384 dies
456 2326 532 2404 pout
554 2317 842 2383 commonitionem
867 2319 1040 2383 nostram⁷
1063 2318 1208 2384 noluerit
1229 2317 1419 2403 adimplere,

363 2442 420 2487 voa
459 2426 564 2485 totam
596 2424 719 2484 terram
749 2418 821 2504 ejus
851 2421 1074 2497 cismarinam,
1097 2422 1297 2487 auctoritate
1327 2420 1416 2484 beati

362 2523 452 2589 Petri
487 2528 522 2588 et
552 2528 675 2598 nostra,
708 2521 797 2586 omni
830 2523 1093 2589 contradictione
1124 2531 1160 2588 et
1196 2523 1418 2610 appellatione

360 2630 494 2701 remota,
519 2623 689 2690 interdicti
712 2623 889 2690 sententias
911 2624 1107 2710 subjiciatis,
1129 2632 1164 2689 et
1187 2625 1224 2688 in
1246 2646 1286 2689 ea
1307 2625 1419 2689 omnia

361 2725 495 2804 Divina,
527 2731 649 2812 praeter
687 2725 854 2812 baptisma
891 2725 1107 2812 parvulorum
1130 2734 1166 2790 et
1201 2726 1419 2812 poenitentias

360 2828 582 2905 morientium,
599 2827 803 2915 prohibeatis
818 2826 925 2894 officia
942 2828 1111 2906 celebrari,
1125 2829 1190 2892 niei
1213 2829 1299 2894 forte
1321 2826 1417 2893 vobis

357 2932 495 2997 omnino
525 2937 692 2997 constaret
728 2929 818 3015 quod
856 2929 1038 3016 saepefatus
1075 2952 1134 2996 rex
1176 2931 1344 2995 Henricus
1381 2931 1417 2993 in

360 3034 454 3099 brevi
486 3039 561 3119 post
593 3032 816 3119 quadraginta
849 3031 920 3097 dica
950 3032 1078 3118 elapsos
1108 3031 1327 3118 adimpleret,s
1359 3037 1420 3096 aut

358 3135 624 3220 archiepiscopus
658 3133 806 3200 osculum
847 3133 909 3198 filii
946 3156 1008 3220 pro
1042 3155 1103 3199 suo
1135 3133 1219 3198 velit
1244 3133 1415 3218 suscipere.

360 3236 397 3302 Si
419 3243 531 3303 autern
564 3258 629 3322 pax
661 3235 764 3301 fuerit
785 3239 983 3320 cooperante
1006 3233 1150 3300 Domino
1179 3241 1417 3309 consummata,

359 3359 418 3404 voa
448 3339 589 3404 eundem
621 3359 740 3425 regem,
771 3357 839 3402 non
870 3338 986 3403 statim
1016 3358 1096 3423 pace
1125 3337 1221 3410 facta,
1252 3337 1310 3400 sed
1342 3345 1418 3420 post

358 3438 628 3525 aliquantulum⁹
652 3438 868 3504 intervallum
892 3438 1073 3504 secundum
1096 3437 1326 3502 discretionem
1343 3458 1415 3500 ves-

359 3548 444 3607 tram
468 3541 709 3626 interpooitum,
733 3562 777 3605 ex
799 3545 896 3626 parte
911 3538 975 3606 Dei
991 3545 1025 3604 et
1039 3543 1153 3603 nostra
1175 3537 1415 3603 commonere1⁰

358 3642 489 3719 curetis,
512 3648 546 3707 ot
569 3642 609 3719 ei,
632 3642 668 3706 in
691 3640 889 3708 delictorum
912 3662 1048 3708 auorum
1063 3640 1205 3716 veniam,
1221 3639 1416 3726 injungatis,

357 3744 445 3829 quod
467 3745 724 3809 consuetudines
746 3743 860 3808 illaa¹¹
882 3764 1013 3830 pravas,
1029 3749 1064 3809 et
1086 3741 1160 3807 illas
1176 3743 1414 3827 maxumequae

357 3846 426 3930 ipsc
450 3845 490 3910 de
529 3866 617 3910 novo
640 3845 765 3930 adjecit
789 3851 823 3909 et
856 3866 931 3931 quae
954 3850 1070 3911 contra
1093 3843 1235 3910 salutem
1269 3849 1421 3909 suamet

404 3996 409 4004 s
428 3995 607 4003 -——-——..
701 3995 893 4003 ..--——-
1125 3995 1214 4002 ——

390 4076 396 4108 ¹
415 4074 549 4126 studiosius
562 4073 734 4132 exhortemini,
747 4089 798 4125 om.
812 4075 842 4125 L.
943 4073 1087 4133 lcestram,
1110 4074 1140 4134 Ζ,
1161 4074 1223 4124 with
1245 4073 1285 4123 vel
1307 4082 1413 4124 nocuum

389 4154 399 4189 ²
415 4156 465 4216 sus',
477 4154 512 4214 A,
523 4155 543 4203 Z
556 4173 562 4212 3
580 4169 632 4211 suo.
648 4152 676 4202 L.
909 4153 993 4204 interl.

388 4235 398 4263 ’¹
421 4233 588 4283 Veruntrmm
615 4267 621 4281 .
648 4267 654 4280 .
679 4265 685 4279 .
713 4231 859 4296 ‚complere
943 4229 1112 4296 ‘'adimplcre
1123 4230 1230 4288 deberet,
1242 4231 1277 4281 A.

354 4312 509 4363 transferred
523 4309 578 4358 in'h
597 4316 624 4358 to
642 4309 707 4360 aster
725 4310 859 4375 suscipere,
943 4311 953 4342 ⁹
971 4307 1138 4373 aliquantam,
1149 4308 1181 4358 0·.

356 4391 446 4441 below.
944 4387 964 4420 ¹⁰
983 4388 1037 4437 Dei
1054 4393 1078 4437 ct
1094 4393 1183 4437 nostra
1200 4401 1357 4448 communen,
1376 4386 1411 4444 A,

389 4469 398 4502 ⁴
416 4466 574 4526 solucionem,
586 4467 620 4516 V.
911 4468 947 4528 Z;
966 4467 1020 4516 Dcs'
1030 4474 1053 4517 et
1065 4466 1249 4516 consumitiossc
1260 4470 1352 4524 realta,
1363 4464 1393 4516 L.

388 4549 398 4580 ⁵
416 4544 523 4612 implere,
536 4545 569 4594 Δ.
944 4546 961 4579 ¹¹
980 4544 1050 4608 illas,
1063 4546 1105 4606 A;
1122 4560 1172 4596 om.
1184 4546 1216 4597 Is.

387 4624 610 4692 “siqufflcccs'mus
631 4659 636 4673 .
659 4661 664 4674 .
683 4661 688 4674 .
707 4623 799 4684 osculo,
823 4624 858 4684 A,

354 4709 395 4768 03
414 4703 505 4757 omis.
