3278 5662
175 1622 206 1672 ln
219 1622 261 1671 the

173 1689 314 1776 ιιιᾳῐεποίι

172 1754 306 1821 carlilugt
315 1773 328 1804 a

171 1821 267 1888 clergy.

784 797 966 849 msromu
1201 787 1281 871 [an
1299 792 1397 857 nro.

759 1099 976 1167 Dccxxvl.

374 1251 521 1317 'raonis
544 1251 828 1317 Cisruimrxsm
851 1269 1148 1321 monrmrscorus
1171 1256 1373 1322 Wrunmmo

655 1353 883 1419 Nonwrcassl
907 1372 1080 1420 ariscoro

608 1493 652 1547 (Z.
664 1510 688 1541 r.
701 1497 748 1552 rs;
767 1494 833 1557 Lup.
846 1509 871 1544 r.
883 1498 933 1554 753
950 1495 1041 1544 Thon.
1057 1497 1127 1556 142.)

388 1612 484 1691 Quod
519 1611 614 1676 nobis
647 1632 724 1674 cara
756 1610 949 1675 fraternitas
983 1617 1095 1676 vestra
1117 1614 1327 1698 significarit,
1358 1618 1393 1680 in

342 1713 547 1779 abrsolutione
571 1711 691 1776 nobilis
715 1712 778 1775 viri
804 1711 956 1798 Hugonis
988 1713 1118 1777 comitis
1140 1715 1251 1779 omnia
1274 1717 1391 1782 solem-

341 1815 429 1879 niter
463 1824 497 1879 ct
534 1837 577 1878 ex
615 1814 738 1890 ordine,
765 1814 868 1898 juxta
899 1816 1093 1879 mandatum
1131 1824 1290 1895 nostrum,
1322 1819 1393 1885 fore

342 1917 514 2003 completa,
551 1939 619 1981 non
657 1917 822 1982 modicum
859 1917 1020 2002 gratulati
1059 1941 1181 1982 sumus.
1242 1920 1293 1985 De
1331 1945 1393 1988 ove

341 2019 464 2104 quippe
502 2019 633 2104 perdita
668 2019 791 2103 gaudio
829 2039 950 2103 magno
996 2020 1104 2105 gavisi
1142 2043 1265 2099 sumus,
1304 2024 1392 2108 quod

341 2120 487 2185 humeris
509 2121 558 2206 pii
581 2121 723 2205 pastoris
745 2141 804 2205 per
825 2120 903 2185 avia
936 2120 1057 2185 deserti
1091 2122 1136 2185 sit
1157 2129 1328 2208 reportata
1349 2127 1392 2190 ad

340 2243 480 2308 gregem.
527 2220 623 2299 Quod
646 2241 724 2285 vero
745 2220 913 2306 adjecistis
936 2220 978 2285 ad
1002 2222 1261 2308 omnipotentem
1284 2226 1393 2291 Deum

342 2322 422 2389 vos¹
454 2324 579 2410 erigere
613 2343 740 2400 manns,
774 2321 831 2406 qui
869 2321 921 2386 his
956 2321 1083 2388 ultimis
1122 2324 1238 2390 diebus
1269 2332 1392 2392 terram

341 2427 501 2513 respicere
536 2425 693 2511 dignatus
725 2428 786 2497 est,
813 2424 939 2511 pariter
960 2429 995 2489 et
1024 2426 1137 2490 anima
1170 2448 1243 2492 mea
1264 2431 1392 2516 magni-

341 2530 419 2594 ficat
441 2528 631 2600 Dominum,
654 2526 712 2612 qui
743 2524 914 2612 magnifice
947 2527 1017 2612 egit
1038 2529 1219 2605 nobiscum,
1242 2536 1393 2596 statuens

341 2629 517 2717 procellam
554 2634 702 2693 nostram
747 2627 783 2691 in
828 2647 953 2701 auram,
993 2634 1028 2692 et
1065 2636 1192 2694 motum
1229 2631 1392 2698 fluctuum

343 2734 510 2820 mitigans.
556 2731 588 2794 A
610 2751 675 2815 quo
698 2729 801 2794 etiam
824 2750 915 2794 nunc
945 2729 1173 2796 desideranter
1195 2733 1231 2797 id
1255 2755 1394 2812 oramus,

341 2842 380 2901 ut
403 2853 587 2900 mereamur
609 2832 722 2896 videre
745 2851 804 2895 vos
833 2835 1013 2915 antequam
1046 2832 1175 2898 abeatis
1196 2840 1231 2900 et
1253 2835 1393 2901 avoletis

340 2940 384 3004 ab
417 2937 480 3003 hac
511 2936 643 3022 regione
676 2931 867 2997 mortalium
899 2931 935 2994 in
969 2931 1061 2997 illam
1093 2939 1299 3014 aeternorum,
1334 2939 1390 3002 ubi

341 3045 418 3105 sunt
456 3037 607 3104 concives
644 3034 747 3099 vestri
793 3038 827 3098 et
863 3033 1034 3099 domestici
1079 3034 1152 3101 Dei.
1215 3037 1392 3123 Speremus

340 3142 515 3228 siquidem,
553 3137 642 3225 quod
678 3159 720 3202 ex
758 3134 935 3221 praesentia
973 3141 1084 3201 vestra
1120 3159 1187 3202 non
1226 3141 1390 3208 modicum

341 3240 575 3332 impertiatur²
603 3237 872 3327 pusillanimitati
906 3243 1028 3302 nostrae
1061 3240 1178 3325 gratiae
1210 3243 1392 3328 spiritualis

340 3348 383 3413 ad
406 3343 647 3413 confirmandos
669 3362 750 3419 nos;
772 3339 851 3424 quia
873 3339 1065 3404 benedictus
1086 3339 1185 3418 Deus,
1201 3345 1258 3429 qui
1281 3345 1317 3409 in
1339 3346 1391 3411 his

340 3450 456 3514 diebirs
490 3445 602 3533 posuit
626 3464 684 3507 vos
716 3441 902 3506 columnam
934 3440 1051 3506 domus
1082 3463 1151 3508 suae
1183 3444 1392 3514 immobilem.

341 3551 392 3617 De
415 3548 539 3615 clericis
562 3544 629 3610 illis
660 3542 853 3622 interdictis,
874 3562 933 3628 pro
965 3541 1086 3626 quibus
1117 3543 1256 3611 illustris
1285 3569 1393 3614 comes

340 3653 440 3739 Hugo
455 3648 551 3716 nobis
566 3646 705 3732 scripsit,
720 3644 805 3708 nihil
828 3643 1114 3730 inpraesentiarum
1130 3651 1259 3713 mutare
1273 3651 1392 3716 statui·

340 3777 422 3835 mus,
438 3751 496 3818 sed
511 3751 556 3816 sic
572 3748 725 3813 volumus
741 3766 794 3811 eos
810 3765 952 3824 manere,
963 3744 1074 3823 donec,
1089 3744 1225 3814 favente
1241 3749 1392 3831 Domino,

339 3877 399 3921 nos
422 3854 486 3940 ipsi
509 3851 691 3924 veniamus,
714 3851 834 3922 vestro,
857 3866 955 3931 super
988 3844 1040 3910 his
1075 3852 1109 3912 et
1140 3848 1215 3915 aliis
1248 3853 1390 3920 ecclesiae

338 3954 489 4044 negotiis,
516 3949 651 4018 consilio
684 3946 827 4012 fmituri.
873 3946 1108 4012 Verumtamen
1141 3947 1219 4017 huic
1250 3973 1392 4038 praesen·

339 4059 425 4125 tium
463 4052 576 4140 bajulo
613 4054 748 4137 propter
789 4047 954 4113 mittentis
999 4051 1227 4130 reverentiam,
1259 4056 1390 4142 proprio

339 4161 440 4228 etiam
474 4154 578 4243 ipsius
609 4150 846 4237 compatientes
879 4149 992 4227 labori,
1015 4152 1264 4238 evangelizandi
1294 4179 1390 4224 usum

338 4261 558 4348 indulgemus,
580 4252 772 4341 baptizandi
803 4271 941 4337 quoque,
965 4256 999 4316 et
1030 4250 1200 4319 tribuendi
1222 4257 1390 4340 viaticum,

337 4367 366 4433 si
389 4371 501 4432 tamen
517 4358 636 4424 ultima
658 4355 739 4420 vitae
761 4357 857 4439 cogat
879 4353 1062 4418 necessitas.
1108 4354 1233 4423 Valete.

469 4562 477 4595 r

468 4641 479 4675 a
496 4556 649 4705 gillam,
664 4632 704 4693 νς
722 4630 891 4697 imperciatur,
902 4628 937 4690 23
955 4629 1122 4694 imperciatur,
1134 4631 1168 4682 L.
