3278 5662
348 794 413 854 284
794 805 975 859 arrsronn.
1200 795 1281 879 [an.
1300 796 1399 865 1170.

346 1011 445 1073 quam
476 991 692 1057 immoderato
716 992 868 1057 avaritiae
897 994 1013 1058 ardore
1044 994 1174 1070 sitiunt,
1197 995 1400 1077 olfecerunt;

345 1093 484 1179 ideoque
511 1093 722 1180 praedonibus
745 1100 779 1158 et
801 1094 968 1181 sacrilegis
999 1095 1207 1162 adhaerentes
1230 1120 1398 1176 consensu,

345 1196 490 1261 consiliis
509 1197 720 1275 instruentes,
738 1201 906 1260 armantes
928 1198 1132 1281 patrociniis,
1147 1199 1399 1267 insurrexerunt

345 1297 380 1362 in
411 1318 571 1384 pauperes
595 1297 730 1372 Christi,
753 1302 964 1383 acceptantes
995 1320 1142 1377 munera,
1167 1304 1271 1367 secuti
1303 1304 1399 1369 retri-

345 1398 506 1465 butiones,
565 1399 636 1463 Nec
667 1403 808 1484 possunt
841 1398 973 1464 illorum
1007 1401 1145 1466 nomina
1178 1402 1290 1481 latere,
1322 1427 1397 1490 quae

344 1506 414 1564 turo
433 1500 602 1565 evidentia
625 1500 732 1585 operis
756 1498 956 1578 manifestat,
974 1506 1045 1565 tum
1069 1502 1186 1568 relatio
1202 1505 1397 1570 nuntiorum

344 1602 448 1686 partis
471 1603 628 1679 adversae,
650 1605 722 1664 turn
745 1601 920 1665 attestatio
943 1600 1130 1666 litterarum
1157 1605 1277 1689 quibus
1299 1606 1398 1692 glori·

343 1709 444 1768 antur
458 1704 548 1789 apud
571 1724 681 1788 regem
702 1702 886 1788 Anglorum
910 1725 944 1768 se
966 1726 1026 1789 pro
1041 1726 1080 1770 eo
1100 1707 1230 1771 stetisse
1246 1707 1397 1785 viriliter,

344 1811 379 1869 et
402 1805 498 1889 quod,
522 1804 589 1868 illis
612 1804 812 1879 tacentibus,
836 1810 907 1869 erat
937 1805 1093 1871 credibile
1116 1810 1316 1890 persuasisse
1339 1809 1397 1874 do·

344 1907 434 1972 mino
465 1927 568 1992 papaa,
601 1912 640 1969 ut
672 1905 802 1990 praefati
835 1907 921 1992 regis
956 1906 1201 1973 immanitatem
1233 1910 1269 1973 in
1301 1917 1396 1977 tanta

344 2008 507 2093 patientia
529 2008 715 2072 sustineret.
762 2005 805 2069 In
820 2028 885 2091 quo
901 2007 1086 2072 timendum
1104 2016 1155 2074 est
1177 2032 1220 2074 ne
1240 2012 1395 2077 seductus

345 2115 478 2174 sanctus
501 2109 662 2174 erraverit
684 2108 797 2185 nimia,
811 2109 893 2173 adeo
916 2116 956 2174 ut
971 2111 1058 2194 quod
1082 2111 1118 2174 in
1139 2112 1308 2178 ecclesiam
1331 2114 1393 2178 Dei

344 2210 493 2295 deliquit,
516 2210 617 2274 etiam
648 2231 722 2274 curn
750 2209 901 2286 voluerit,
925 2216 1069 2295 nequeat
1102 2214 1283 2278 emendare.
1339 2214 1394 2281 Sic

344 2309 454 2376 enim¹
478 2311 561 2375 solet
591 2312 682 2375 Deus
712 2311 795 2376 talia
826 2310 1019 2396 plerumque
1051 2313 1168 2398 punire
1201 2313 1330 2393 delicta,
1354 2321 1394 2379 ut

343 2413 401 2497 qui
436 2412 609 2476 Divinitus
645 2412 758 2477 oblata
792 2412 1010 2497 gerendorum
1046 2415 1296 2499 opportunitate
1327 2438 1394 2481 non

343 2516 461 2592 utitur,
485 2515 599 2580 eadem
624 2514 673 2577 illi
696 2514 731 2577 in
756 2521 954 2600 perpetuum
985 2516 1162 2582 auferatur.
1222 2516 1393 2584 Scrutanti

343 2618 449 2703 legem
472 2617 638 2703 loquimur
661 2624 696 2681 et
719 2616 845 2693 scienti,
870 2618 927 2701 qui
955 2617 1044 2702 quod
1067 2619 1190 2684 dicitur
1212 2619 1276 2684 sibi
1298 2620 1394 2686 fami-

342 2719 481 2784 liaribus
504 2718 629 2784 clarum
656 2717 758 2782 habet
780 2717 949 2804 exemplis,
972 2716 1028 2783 et²
1058 2725 1171 2785 tamen
1201 2726 1241 2785 ut
1263 2722 1394 2808 eulpam

175 2832 329 2896 Corruptiou
343 2843 444 2898 suam,
469 2841 569 2907 quam
599 2821 646 2885 sic
677 2820 781 2905 magis
812 2824 921 2905 auget,
944 2840 1085 2905 purgare
1109 2820 1210 2887 Curia
1233 2824 1395 2901 videatur,

174 2899 330 3016 gudian-
344 2926 379 2987 in
403 2924 541 2988 nuncios
571 2929 701 2987 nostros
732 2919 947 3006 retorquent³
969 2922 1058 3006 quod
1083 2923 1229 2990 eeclesiae
1252 2925 1325 3003 Dei,
1348 2927 1388 2991 de

173 3031 276 3094 plainen
287 3029 320 3077 of.
342 3034 412 3092 tam
447 3024 630 3089 manifestis
661 3023 793 3107 injuriis
826 3027 860 3086 et
894 3021 1032 3101 damnis,
1060 3023 1196 3107 justitia
1227 3046 1294 3090 non
1327 3026 1395 3091 sit⁴

344 3130 499 3194 exhibita.
549 3126 636 3213 Ergo
653 3125 746 3209 quasi
770 3145 804 3188 re
828 3123 911 3188 bene
926 3129 1020 3209 gesta
1043 3125 1221 3191 consulunt
1244 3131 1283 3192 ut
1305 3128 1394 3212 sapi·

342 3232 483 3296 entiores
507 3230 688 3302 mittamus,
704 3247 743 3291 ao
766 3226 792 3289 si
818 3246 878 3310 per
900 3246 933 3288 se
957 3245 1024 3288 non
1051 3226 1095 3289 sit
1118 3233 1238 3311 patens
1261 3227 1394 3313 injuria,

344 3335 466 3398 damna
488 3332 556 3395 sint
579 3329 631 3392 vel
655 3349 760 3412 pauca
783 3326 836 3391 vel
861 3327 996 3402 modica,
1013 3348 1099 3411 saepe
1122 3348 1190 3391 non
1213 3329 1257 3392 sit
1281 3331 1394 3413 praedo

344 3433 570 3506 commonitus,
595 3430 724 3493 nuntiis
756 3429 878 3493 nostris
909 3428 1010 3492 illatae
1036 3447 1102 3491 non
1127 3427 1196 3491 sint
1217 3430 1394 3494 atrociores

343 3518 481 3619 injuriae,
505 3532 572 3608 diu,
596 3531 697 3595 immo
729 3530 830 3593 nimis
853 3535 888 3594 et
912 3529 999 3593 ultra
1029 3548 1158 3592 omnem
1191 3528 1326 3593 modum
1359 3536 1394 3594 et

343 3640 459 3726 cqntra
490 3633 692 3718 aequitatem,
715 3652 782 3696 non
816 3632 861 3696 sit
884 3634 1074 3716 exspectata
1104 3630 1268 3697 correctio.
1314 3630 1392 3696 Non

344 3736 482 3801 suntin
504 3734 609 3810 nobie,
633 3739 737 3818 pater,
760 3733 925 3819 sapientes
956 3731 1006 3795 illi
1030 3752 1110 3813 quos
1137 3738 1304 3817 quaerunt,
1326 3754 1393 3797 non

342 3845 494 3924 potentes
516 3841 577 3901 aut
591 3835 722 3910 divites,
746 3856 828 3921 quos
851 3855 979 3919 semper
1001 3832 1061 3898 et⁶
1083 3839 1198 3899 contra
1225 3835 1391 3901 ecclesiam

342 3940 406 4005 Dei
430 3944 465 4004 et
486 3959 546 4003 nos
567 3937 675 4002 locum
699 3934 820 4000 habere
842 3934 992 3998 videmus
1015 3933 1050 3995 in
1068 3932 1178 4011 Curia,
1202 3940 1241 3999 ut
1264 3935 1394 3999 assidue

341 4041 478 4106 redeant
501 4060 577 4105 cum
595 4036 774 4123 triumpho.
821 4035 889 4098 Vix
911 4040 1137 4099 sustentamur
1160 4035 1269 4101 aliena
1291 4036 1396 4120 stipe3

344 4149 378 4207 et
400 4142 476 4219 fere,
491 4140 557 4206 nisi
580 4161 639 4205 nos
663 4139 772 4225 gratia
795 4141 1012 4211 conservaret,
1027 4136 1071 4201 ab
1089 4137 1225 4202 ecclesia
1247 4137 1396 4202 Romana

341 4245 452 4310 attriti
485 4244 542 4329 qui
573 4240 634 4306 soli
665 4240 702 4303 in
730 4238 808 4303 orbe
845 4238 981 4304 occiduo
1015 4257 1076 4322 pro
1110 4237 1168 4303 illa
1200 4237 1395 4303 dimicamus

374 4454 382 4485 ¹
401 4455 472 4513 enim,
485 4452 524 4511 0;
542 4465 591 4500 om.
604 4452 634 4500 L.
925 4448 999 4506 ⁴sio,
1010 4446 1046 4497 A.

374 4532 384 4564 ²
402 4539 436 4591 et,
447 4530 483 4589 A,
496 4529 535 4590 Ο;
554 4529 610 4590 etei,
623 4528 653 4577 L.
925 4527 935 4559 ⁶
954 4533 987 4587 et,
998 4529 1032 4587 A,
1045 4525 1083 4587 0;
1100 4541 1152 4578 om.
1163 4527 1194 4576 L.

374 4612 384 4644 ³
401 4614 550 4672 retorqueat,
561 4606 596 4668 A,
605 4607 641 4667 V,
654 4605 691 4666 Z,
709 4611 846 4670 retorquet,

344 4687 376 4738 L.
