3278 5662
356 733 421 799 312
664 701 668 709 ³
782 747 986 799 -arrsroam
1212 732 1293 816 [an.
1311 728 1409 799 1170.

350 938 495 1017 incedit3
528 945 562 1004 et
585 938 643 1024 qui
667 938 702 1002 in
725 944 813 1003 terra
836 958 896 1003 sua
911 938 1099 1024 quindecim
1115 945 1201 1004 esset
1215 925 1411 1004 contentus¹

354 1040 458 1125 [apud
470 1061 528 1104 noa
538 1037 563 1124 2]
577 1040 715 1125 triginta
723 1060 783 1104 sex
794 1039 1000 1125 equitaturas
1012 1039 1156 1106 adducit.
1180 1039 1320 1106 Dicitur
1335 1059 1413 1124 ergo

355 1141 443 1225 quod
471 1142 575 1228 magis
605 1142 679 1206 sitit
707 1141 879 1227 pecuniam
912 1141 998 1227 regis
1023 1162 1121 1227 quam
1154 1162 1266 1227 pacem
1297 1141 1411 1230 regni3

355 1243 460 1328 magis
476 1243 603 1308 lucrum
626 1264 722 1308 suum
739 1263 837 1328 quam
861 1243 1066 1309 commodum
1082 1251 1237 1308 vestrum.
1294 1244 1339 1308 Et
1361 1264 1413 1307 res

356 1346 437 1409 satis
460 1345 645 1411 manifestis
662 1345 792 1410 indiciis
807 1344 1011 1411 declaratur.
1030 1345 1134 1410 Sexta
1146 1347 1234 1411 enim
1246 1345 1328 1411 feria
1339 1350 1414 1432 post

189 1471 258 1522 June
271 1474 295 1518 5.
356 1445 512 1512 octavas³
533 1447 740 1512 Pentecostes
772 1447 866 1512 venit
888 1445 1078 1523 cadomum,
1112 1448 1199 1512 unde
1223 1454 1303 1512 tunc
1325 1446 1414 1510 lilius

356 1543 442 1637 regis
465 1550 599 1624 exierat,
623 1570 697 1615 cum
730 1571 795 1635 quo
818 1549 1034 1615 Niver'nensis
1067 1550 1200 1634 optime,
1239 1549 1267 1613 si
1305 1549 1416 1630 vellet,

359 1653 500 1719 transire
517 1651 685 1738 potuisset.
718 1649 784 1716 Sed
800 1650 922 1716 dicitur
945 1651 984 1726 ei,
1000 1651 1090 1716 cito⁴
1116 1672 1226 1737 regem
1243 1672 1311 1716 esse
1335 1672 1414 1716 ven-

362 1761 476 1822 turum
491 1762 551 1820 aut
573 1774 693 1819 navem
712 1754 836 1840 regiam
852 1759 1027 1818 venturam
1040 1758 1174 1839 propter
1206 1753 1323 1839 ipsum.
1371 1752 1416 1817 Et

363 1858 529 1925 sichomo
552 1856 616 1933 ille,
641 1878 746 1921 mores
774 1857 883 1942 gentis
906 1857 1056 1922 nost1ae⁵
1095 1857 1250 1943 ignorans
1273 1856 1415 1942 penitus,

356 1959 514 2024 -fallacius
529 2000 530 2004 =
546 1958 684 2044 capitur,
720 1979 780 2023 nec
812 1957 847 2021 in
879 1978 981 2022 manu
1003 1957 1075 2042 ojus
1110 1958 1247 2047 verbum
1280 1957 1415 2022 Domini

361 2063 581 2146 prosperatur.
627 2057 750 2123 Verum
782 2058 810 2123 si
849 2059 990 2124 astutias
1028 2059 1110 2123 istas
1143 2057 1355 2144 intelligeret,
1388 2057 1416 2122 si

363 2160 490 2225 concito
513 2159 617 2244 gradu
640 2159 683 2222 ad
719 2179 806 2224 mare
830 2166 1027 2245 properaret,
1051 2145 1219 2245 oporteret
1233 2167 1239 2177 ‘
1257 2158 1418 2244 archiepi-

364 2281 498 2346 scopum
528 2260 654 2346 praeire,
677 2264 712 2325 et
734 2260 836 2324 istum
871 2260 957 2346 regis
991 2281 1181 2346 responsum
1218 2255 1417 2346 exspectare.

366 2363 461 2427 Etsi
484 2361 618 2427 omnino
640 2361 742 2426 vellet
765 2360 915 2437 transire,
937 2382 1057 2426 navem
1082 2362 1215 2448 quidem
1239 2369 1273 2427 et
1296 2362 1419 2427 instru-

365 2469 478 2529 menta
500 2462 597 2527 navis
612 2462 785 2539 inveniret,
804 2462 861 2527 sed
883 2462 1082 2549 gubernator
1104 2462 1217 2528 nullus
1240 2469 1418 2551 appareret.

367 2563 498 2651 Singuli
522 2564 610 2629 enim
626 2559 787 2649 fugerent,
811 2563 864 2628 vel
899 2585 933 2628 se
965 2563 1051 2627 nihil
1074 2565 1155 2630 seire
1177 2564 1333 2642 dicerent,
1366 2565 1418 2630 vel

366 2676 504 2734 ventum
528 2667 661 2752 penitus
684 2687 753 2731 esse
774 2665 949 2731 adversum
979 2667 1141 2751 jurarent.
1189 2668 1320 2734 Stultus
1343 2673 1419 2755 ergo

361 2771 433 2835 -iuit
456 2770 513 2856 qui
537 2768 695 2835 veniendi
718 2789 778 2854 per
799 2767 885 2835 n0s⁶
910 2768 1119 2834 voluntatem
1134 2761 1270 2846 habuit,
1283 2772 1340 2855 qui
1363 2793 1423 2857 per

369 2871 562 2936 Flandriam
586 2869 633 2934 ire
656 2864 826 2955 disposuit.
875 2869 999 2934 Statim
1023 2891 1101 2956 crgo
1126 2870 1255 2936 litteras
1278 2872 1365 2958 regis
1387 2878 1422 2939 et

370 2964 498 3038 litteras
514 2971 713 3037 Senonensis
725 2975 759 3035 et
781 2971 937 3035 nuntium
953 2977 1100 3035 vestrum
1115 2971 1159 3036 ad
1182 2971 1215 3035 N
1218 2972 1422 3038 ivemensem

370 3073 512 3161 dirigite,
526 3080 566 3137 ut
589 3093 664 3137 cum
687 3072 777 3136 omni
799 3065 988 3137 eeleritate⁷
1030 3073 1177 3158 reginam
1202 3072 1339 3140 Oadomi
1354 3096 1423 3139 mo-

370 3180 499 3240 rantem
522 3173 699 3240 conveniat
732 3178 896 3257 quatenus
927 3173 957 3238 ei
992 3173 1169 3238 transitum
1192 3181 1293 3260 paret.
1342 3174 1424 3256 Quae

374 3278 403 3341 si
426 3275 572 3340 noluerit
595 3274 639 3339 ob
659 3271 880 3337 'manifestam
912 3273 1223 3359 impossibilitatem,
1246 3275 1333 3341 idem
1356 3277 1424 3362 epi-

372 3399 488 3463 scopus
511 3376 555 3440 ad
578 3396 635 3439 vos
651 3380 844 3448 revertatur,
860 3374 1006 3440 facturus
1029 3376 1148 3440 citius⁸
1170 3376 1258 3462 quod
1279 3376 1426 3442 facturus

375 3485 433 3542 est.
473 3477 586 3541 Nolite
611 3477 698 3541 enim
723 3475 762 3540 de
779 3471 896 3541 caetero
912 3490 1051 3562 parcere,
1068 3479 1125 3542 sed
1141 3484 1248 3544 totum
1271 3478 1425 3564 spiritum

376 3578 544 3654 effundite,
569 3582 676 3643 totum
711 3575 858 3664 gladium
881 3578 1065 3664 evaginate,
1089 3580 1244 3663 quoniam
1275 3600 1343 3646 non
1359 3588 1361 3592 ’
1377 3602 1427 3645 re·

377 3683 494 3768 spiciet
509 3702 567 3745 vos
583 3680 696 3747 oculus
711 3679 797 3765 regis
812 3701 915 3764 usque
931 3678 966 3743 in
979 3681 1222 3766 sempiternum.
1262 3682 1429 3768 Respiciat

379 3789 490 3848 autem
530 3803 628 3867 super
659 3802 718 3845 vos
756 3785 790 3845 et
821 3801 919 3866 super
950 3802 1028 3846 oves
1061 3802 1190 3867 pascuae
1224 3805 1292 3848 sure
1316 3784 1428 3850 oculus

379 3885 514 3973 pietatis
552 3885 703 3962 divinae;
740 3890 775 3948 et
823 3884 928 3970 magis
966 3885 1006 3948 de
1042 3875 1244 3971 principibus
1283 3887 1429 3952 victoriae

380 3989 530 4075 gloriam,
555 3983 654 4073 quam
690 3986 876 4072 principum
900 4007 1013 4073 paoem
1045 4002 1120 4052 non·
1145 4010 1256 4053 veram
1288 3989 1430 4057 ecclesiae

290 4080 291 4084 ¹
384 4112 454 4156 suae
472 4089 629 4156 'conferre
653 4089 817 4174 dignetur.
876 4082 1000 4165 Valete,
1039 4078 1079 4154 et
1111 4091 1139 4154 si
1161 4090 1346 4157 adversitas
1384 4095 1433 4157 in-

412 4406 419 4438 ¹
436 4409 596 4469 contemptae,
606 4404 640 4452 A.

411 4485 421 4518 ²
439 4483 509 4548 apud
518 4499 572 4544 noc,
583 4482 613 4532 Z.
1036 4513 1043 4537 r
1077 4514 1083 4527 ·

413 4563 423 4595 ³
442 4561 562 4620 octabas,
572 4562 607 4620 A,
620 4561 652 4612 0.
965 4554 975 4592 7
991 4555 1141 4616 caeleritate,
1152 4557 1187 4606 A.

439 4643 511 4701 scito,
520 4641 553 4690 Α.
963 4635 974 4667 ⁸
991 4636 1077 4696 aicius,
1088 4636 1123 4685 A.
