3278 5662
355 737 420 801 250
792 757 972 806 amamur.
1213 745 1292 828 [sn.
1309 744 1405 807 1170.

354 964 416 1028 que
439 963 481 1007 nc
512 942 691 1028 prosiliatis
714 946 756 1010 ad
788 945 1030 1012 absolutionem
1054 947 1119 1011 nisi
1143 947 1224 1012 certi
1256 946 1297 1012 ‹le
1325 965 1405 1032 pace

353 1051 524 1124 secutura3
554 1054 588 1110 et
612 1054 650 1111 ut
681 1069 756 1113 cum
790 1070 863 1114 earn
887 1049 1042 1127 feceritis,
1076 1051 1104 1113 si
1137 1056 1250 1115 tumen
1283 1047 1405 1115 facturi

353 1148 441 1222 estis,
460 1147 696 1231 juramentum,
723 1151 904 1215 secundum
936 1152 1026 1236 quod
1048 1152 1144 1217 vobis
1176 1152 1405 1237 praescriptum

354 1256 411 1322 cst,
436 1249 601 1335 recipiatis
631 1252 674 1314 ab
709 1252 937 1332 absolvendis;
966 1254 1203 1318 denuntiantes
1235 1254 1283 1317 eis
1306 1252 1404 1338 quod,

353 1350 416 1413 nisi
441 1350 624 1415 exhibitam
653 1354 882 1418 consecutione
913 1376 1049 1439 operum
1082 1355 1296 1440 impleverint
1327 1375 1405 1418 cau·

354 1453 486 1529 tionem,
510 1455 599 1517 omni
623 1456 835 1519 excusatione
850 1461 885 1519 et
907 1456 1129 1542 appellatione
1153 1455 1345 1542 postposita,
1368 1455 1405 1518 in

355 1555 528 1640 pristinam
566 1558 915 1622 excommunicationis
959 1559 1160 1623 sententiam
1199 1558 1405 1623 reducentur.

355 1660 493 1724 Interim
516 1664 628 1723 autem
651 1661 912 1724 communionem
929 1683 1042 1726 eorum
1065 1660 1239 1726 sollicitius
1262 1659 1405 1735 evitetis,

189 1787 306 1834 lusum-
354 1764 483 1847 nequod
506 1762 740 1830 offendiculum
765 1762 851 1827 detis
875 1763 1022 1841 infirmis,
1046 1769 1081 1828 ct
1113 1763 1294 1849 vituperari
1325 1763 1404 1826 faci-

186 1853 316 1983 :22:¹¹J’r‘ty
354 1865 418 1929 atis
442 1864 661 1928 ministerium
687 1872 846 1940 vestrum,
870 1862 905 1929 et
931 1866 1043 1951 impiis
1073 1866 1230 1930 animatis
1252 1865 1297 1929 ad
1328 1886 1404 1929 con-

354 1975 517 2051 temptum
542 1967 769 2032 ecclesiastiae
796 1967 988 2053 discipliuae,
1012 1990 1119 2034 cause
1143 1968 1206 2032 Dei
1238 1989 1306 2032 non
1337 1989 1405 2032 me-

354 2071 461 2134 diocre
485 2069 694 2154 dispendium
717 2071 889 2154 generetis.
935 2070 972 2134 Si
994 2070 1081 2134 forte
1104 2070 1252 2156 exegerit
1275 2091 1342 2145 rex,
1365 2075 1405 2133 ut

353 2171 615 2255 archiepiscopus
638 2171 672 2233 in
689 2176 812 2234 terram
828 2192 921 2235 suam
937 2171 1057 2247 redeat,
1075 2171 1294 2257 possessiones
1309 2169 1406 2234 suas¹

354 2279 388 2337 ct
410 2273 500 2358 pacis
523 2272 671 2336 osculum
703 2272 958 2357 praesentialiter
989 2278 1209 2358 suscepturus,
1232 2280 1405 2357 procurato

353 2381 401 2449 ut,
425 2373 512 2459 quod
536 2373 572 2435 in
599 2373 750 2437 absentia
781 2373 852 2457 ejus
882 2374 953 2437 fieri
985 2380 1104 2459 potest,
1128 2373 1241 2438 domos
1265 2379 1300 2438 et
1330 2395 1403 2458 pos-

353 2476 511 2540 sessiones
533 2496 610 2538 suas
641 2474 784 2540 ecclesiae
816 2475 960 2539 ministri
995 2477 1165 2560 recipiant,
1189 2475 1247 2560 qui
1276 2475 1405 2560 possint

340 2577 504 2641 -rcdeunti
528 2577 711 2641 necessaria
733 2598 925 2663 praeparare.
972 2578 1017 2641 Et
1043 2583 1082 2642 ut
1114 2577 1217 2662 aliqui
1240 2576 1281 2641 de
1312 2598 1403 2662 mag-

352 2679 487 2744 natibus
510 2684 607 2742 terrae
635 2679 738 2763 (quod
770 2679 937 2765 episcopos
969 2680 1129 2764 quosdam
1162 2679 1306 2743 libenter
1336 2679 1402 2743 fac·

352 2787 443 2844 turos
478 2800 546 2843 esse
579 2799 647 2842 non
678 2779 823 2864 ambigo)
863 2778 1001 2844 veniant
1038 2779 1081 2843 ad
1122 2778 1401 2864 archiepiscopum

352 2905 393 2947 ex
421 2881 577 2946 mandato
610 2881 704 2967 regis,
728 2882 786 2966 qui
818 2881 848 2945 ei
882 2881 1081 2947 conductum
1119 2886 1154 2945 et
1191 2880 1403 2945 securitatem

351 2988 519 3072 praestent,
542 2989 581 3048 ut
604 2984 675 3048 sine
698 2983 936 3069 impedimento
968 2984 1073 3068 possit
1095 2983 1183 3048 inter
1205 3005 1260 3047 eos
1292 3004 1403 3048 recon-

351 3088 485 3164 ciliatio,
524 3093 623 3170 prout
661 3085 767 3171 ipsam
804 3090 904 3150 antea
949 3085 1181 3161 formaveritis,
1219 3084 1401 3169 adimpleri.

351 3189 509 3275 Alioquin
536 3187 807 3271 archiepiscopus,
831 3187 896 3250 nisi
928 3208 1026 3252 causa
1061 3187 1193 3271 cognita
1215 3190 1249 3251 ct
1281 3186 1400 3250 securi·

351 3298 420 3357 tate
451 3294 591 3374 accepta,
623 3288 752 3351 nullum
786 3288 857 3372 ejus
890 3288 990 3353 inibit
1025 3288 1231 3373 colloquium.
1288 3288 1332 3351 Et
1365 3288 1402 3364 si,

352 3394 439 3478 quod
472 3393 512 3455 dc
547 3390 724 3476 prudentia
758 3394 793 3453 et
831 3390 1019 3454 constantia
1056 3396 1170 3454 vestra
1207 3389 1296 3454 credi
1334 3410 1401 3453 non

351 3496 458 3572 debet,
482 3516 540 3558 rex
564 3514 622 3556 vos
645 3492 899 3556 circumvenerit
921 3500 980 3556 aut
1003 3493 1207 3578 compulerit,
1223 3497 1262 3556 ut
1285 3493 1321 3555 in
1343 3492 1400 3556 lm-

350 3601 475 3663 sionem
498 3597 640 3662 ecclesiae
671 3601 731 3660 aut
760 3596 1016 3681 proscriptorum
1050 3595 1174 3661 Christi
1206 3596 1401 3660 mandatum

349 3699 564 3786 apostolicum
600 3697 776 3772 excedatis,
811 3697 904 3761 vobis
943 3702 1032 3762 certo
1070 3698 1192 3762 certius
1230 3698 1275 3762 sit
1313 3697 1401 3782 quod

348 3802 610 3886 archiepiscopus
645 3798 731 3862 nihil
763 3820 875 3862 eorum
909 3820 982 3883 quae
1015 3798 1062 3863 sic
1093 3799 1258 3884 gesseritis
1290 3804 1400 3863 ratum

348 3904 494 3979 habebit,
518 3922 577 3965 nec
604 3906 719 3965 contra
749 3900 983 3964 conscientiam
1018 3920 1110 3964 suam
1143 3899 1282 3984 alicujus
1315 3921 1399 3964 mor-

183 4031 238 4079 Tho
249 4030 302 4080 carl
310 4029 340 4081 of
349 4009 469 4074 talium
492 4003 628 4070 consilio
656 4002 852 4086 adquiescet.
901 4001 1064 4068 Comitem
1097 4002 1274 4088 Hugonem
1305 4002 1399 4066 vobis

182 4099 299 4148 Nor-sou.
349 4110 441 4175 nulla
464 4108 591 4173 ratione
614 4105 692 4169 licet
714 4103 892 4181 absolvere,
917 4103 996 4189 quia
1017 4103 1104 4167 nihil
1128 4105 1159 4168 ei
1193 4125 1269 4170 cum
1301 4125 1401 4168 causa

349 4215 421 4278 ista.
467 4211 521 4274 Ad
552 4208 623 4272 haec
655 4211 770 4272 cavete
804 4227 846 4271 ne
884 4227 943 4270 vos
981 4205 1196 4270 dilationibus
1228 4203 1401 4290 protmhat

349 4316 438 4380 ultra
468 4310 662 4376 mandatum
697 4306 823 4372 domini
856 4329 958 4394 papae,
990 4307 1067 4392 quia
1099 4307 1200 4372 nullae
1234 4312 1314 4371 sunt
1346 4307 1400 4372 hic

349 4422 458 4504 partes
481 4416 608 4476 vestrae.
656 4408 741 4474 Cum
769 4407 863 4473 vobis
893 4406 994 4473 fuerit
1028 4406 1321 4484 transfretandum,
1344 4406 1400 4469 lit·

351 4561 668 4575 ..----.-—---·-....—.--
680 4560 727 4567 ..--
948 4557 1115 4564 ’.υ-.-

792 4635 799 4666 ¹
818 4650 887 4696 suas,
899 4650 948 4684 om.
960 4634 990 4684 L.
