3278 5662
351 759 415 821 506
794 767 974 816 nersroun.
1212 754 1291 838 [sn.
1310 751 1416 824 1171.

351 964 525 1045 torumque
548 959 775 1044 religiosorum
798 963 869 1022 torn
899 958 1059 1023 abbatum
1083 978 1182 1043 quum
1205 958 1367 1043 priorum,
1392 977 1416 1021 a

351 1062 477 1127 dextris
501 1061 582 1125 mihi
606 1061 677 1126 luce
700 1060 859 1145 liquidior
881 1060 1002 1129 adstet.
1050 1058 1155 1146 Oujus
1183 1060 1301 1127 faciem
1335 1081 1415 1147 gre⁴

351 1185 427 1228 veni
450 1168 485 1228 et
506 1162 688 1249 fulgentem
711 1161 864 1246 praedicti
897 1161 1163 1247 archiepiscopus
1186 1167 1221 1227 et
1242 1162 1309 1226 viri
1333 1161 1417 1227 reli·

279 1272 283 1277 ’
351 1266 436 1352 giesi
458 1287 478 1330 a
501 1265 635 1330 domino
660 1263 874 1328 Ambianensi
898 1263 1065 1340 destinati,
1090 1264 1267 1341 intuentes,
1299 1263 1416 1350 gavisi

353 1371 432 1431 sunt
445 1367 568 1453 gaudio
591 1387 710 1452 magno
727 1365 841 1429 valde:
865 1371 900 1430 ct
915 1365 1040 1429 nullum
1056 1386 1182 1430 moroni
1196 1365 1415 1442 sustinentes,

349 1469 449 1554 juxte
471 1470 610 1535 formam
634 1490 733 1553 quern
764 1468 812 1532 eis
845 1468 998 1532 dominus
1033 1489 1121 1554 pape
1154 1468 1415 1555 prcescripseret,

354 1572 573 1638 incontinenti
598 1593 649 1636 rne
673 1592 692 1635 e
716 1570 901 1656 suspicione
925 1592 991 1655 quo
1018 1570 1155 1636 tenebor·
1184 1571 1416 1648 absolverunt,

355 1675 517 1739 universis
552 1674 609 1758 qui
644 1673 784 1738 ederent
818 1672 1089 1738 benedicentibus
1120 1673 1312 1750 Dominum,
1352 1674 1416 1759 qui

355 1777 511 1862 superbos
534 1775 699 1852 humiliat,
724 1776 781 1861 qui
816 1776 981 1862 sepientes
1004 1775 1040 1839 in
1071 1777 1197 1842 astutia
1228 1797 1289 1841 suu
1323 1797 1416 1841 com-

355 1879 539 1965 prehendit,
562 1878 677 1964 quide
700 1878 924 1945 misericordie
946 1900 1007 1944 sua
1022 1884 1258 1964 proesumentes
1281 1878 1417 1955 liberet,

356 1985 390 2046 et
413 1980 540 2046 vinctos
572 1980 685 2046 educit
707 1981 743 2044 in
774 1981 978 2046 fortitudine.
1024 1979 1094 2066 Ipsi
1128 1981 1232 2067 glorie
1255 1986 1289 2046 et
1323 2001 1419 2046 nunc

356 2089 390 2147 et
413 2105 471 2169 per
492 2084 693 2149 immortalia
720 2083 829 2150 seculo
861 2083 1053 2149 seculorum.
1100 2083 1217 2149 Amen.
1269 2083 1417 2148 Veniam

355 2189 468 2250 autem
484 2184 527 2251 ed
543 2206 611 2261 vos,
627 2185 773 2250 Domino
788 2185 929 2261 volente,
952 2186 988 2249 in
1011 2185 1170 2270 proximo,
1187 2189 1226 2249 ut
1249 2183 1417 2270 gaudium

356 2308 466 2352 meum
490 2287 526 2350 in
553 2287 647 2353 vobis
678 2287 865 2372 impleatur,
889 2309 971 2373 quos
1006 2308 1066 2372 ego
1089 2286 1179 2354 ultre
1213 2307 1313 2371 quem
1346 2285 1417 2352 diei

356 2389 461 2474 possit
482 2389 595 2454 videre
618 2388 777 2454 desidero.
826 2388 1021 2453 Benedictio
1037 2387 1100 2453 Dei
1123 2387 1237 2473 putris,
1262 2393 1296 2453 et
1320 2384 1415 2463 Filii,

358 2496 392 2555 ct
408 2490 553 2576 Spiritus
569 2490 684 2555 Sancti
700 2490 880 2556 descendat
895 2511 993 2576 super
1008 2511 1067 2554 vos
1083 2511 1143 2576 pro
1158 2488 1254 2554 nobis
1269 2493 1414 2554 orantes.

357 2593 443 2658 Acte
480 2597 559 2657 sunt
597 2591 669 2658 haec
700 2592 843 2657 secunde
877 2591 958 2657 ferie
996 2596 1071 2677 post
1102 2591 1311 2657 Dominicurn
1344 2611 1415 2674 qun

358 2698 512 2760 cantetur
549 2693 705 2771 Gaudete,
730 2693 783 2759 die
816 2693 901 2759 festo
925 2694 1056 2760 Sanctee
1088 2693 1206 2770 Lucius,
1238 2691 1326 2778 apud
1351 2690 1415 2756 Al-

356 2795 557 2863 bemarliem.
1006 2842 1009 2849 -

728 3074 744 3078 -
753 3073 791 3079 ...-
800 3071 944 3078 ..ω-ι-
975 3071 1054 3078 ...-

762 3281 991 3347 DCCLXVII.

359 3439 581 3501 Annxlnoun
604 3452 691 3499 rnen
712 3452 760 3500 no
776 3437 1088 3501 Rornouncnnsnu
1111 3450 1413 3500 nncmnrrscooun

615 3555 657 3601 er
680 3539 940 3603 AMBIANENSEM
965 3555 1163 3603 nrrscoruu.

479 3710 525 3771 (D.
538 3714 587 3767 925
606 3707 634 3760 G.
648 3711 712 3767 226;
731 3708 764 3757 D.
778 3713 825 3768 925
842 3708 932 3758 Thom.
946 3713 992 3757 261
1005 3729 1012 3768 3
1031 3707 1062 3758 1³.
1075 3709 1175 3757 lloved.
1187 3707 1212 3757 ii.
1225 3711 1280 3769 32.)

193 3876 253 3927 Feb.
267 3878 306 3927 27.
405 3847 595 3912 Alexander
626 3846 805 3932 episcopus,
833 3869 947 3912 servus
979 3867 1146 3912 servorum
1177 3846 1250 3926 Dei,
1274 3868 1411 3911 venera-

359 3950 482 4016 bilibus
511 3948 669 4014 fretn'bus
701 3948 959 4036 Rothornagensi
989 3948 1232 4034 archiepiscopo
1264 3954 1299 4013 et
1329 3949 1409 4012 Arn-

360 4051 510 4118 bienensi
550 4051 708 4137 episcopo,
747 4051 887 4114 salutem
932 4055 966 4115 ct
1003 4049 1214 4135 apostolicam
1258 4050 1411 4116 benedie-

360 4156 491 4221 tionem.

192 4295 344 4344 mm„
405 4256 620 4321 Froternituti
648 4260 766 4320 vestrae
799 4275 866 4319 non
897 4255 1059 4320 credimus
1093 4276 1162 4319 csse
1194 4255 1408 4340 incognitum,

192 4359 304 4436 1150115911
316 4360 347 4409 οἳ
361 4382 436 4425 cum
459 4359 549 4424 fame
580 4359 744 4423 referente
775 4357 820 4422 sit
850 4357 886 4421 in
913 4379 1033 4443 magna
1063 4363 1158 4442 perte
1182 4357 1270 4421 orbis
1293 4357 1410 4444 vulga·

191 4424 340 4542 plpclffiplgp
361 4469 443 4538 tum,
459 4460 601 4546 qualiter
628 4461 745 4524 fratres
761 4460 865 4523 nostri
889 4459 1088 4523 Gillcbertus
1111 4457 1349 4523 Londoniensis
1375 4465 1411 4524 et

192 4560 243 4607 and
254 4559 348 4608 others.
361 4564 418 4628 elii
434 4563 575 4649 episcopi
601 4561 739 4649 Anglize
756 4562 953 4646 quibusdam
972 4562 1078 4626 causis
1102 4561 1410 4638 intervenientibus

361 4668 528 4753 quondam
551 4667 676 4732 luerint
697 4667 740 4731 eb
763 4665 868 4732 officio
891 4689 950 4731 suo
973 4666 1169 4731 auctoritate
1201 4672 1313 4730 nostre
1339 4688 1410 4731 sus-
