3278 5662
194 791 259 843 nn.
278 776 388 860 1172]
628 791 807 841 arrsronm.
1184 773 1248 835 529

194 980 360 1064 episcopos
383 978 493 1044 effecit
515 983 554 1043 ut
577 979 648 1064 ejus
671 999 691 1043 a
714 978 809 1042 bonae
833 976 998 1040 memoriae
1022 973 1245 1049 Theodbaldo‚

194 1078 425 1146 (lantuariensi
441 1080 692 1166 archiepiscopo,
707 1078 860 1166 purgatio
875 1077 1081 1163 reciperetur.
1116 1073 1246 1140 Deinde

191 1184 336 1248 sentiens
370 1182 537 1249 ecclesiam
574 1183 757 1247 Romanam
797 1180 1006 1266 indignatam
1041 1199 1110 1242 esse
1146 1198 1243 1262 super

190 1284 394 1350 exhibitione
418 1284 624 1371 purgationis
647 1284 742 1348 facta
765 1281 858 1356 clam,
883 1278 1023 1365 utpote1
1039 1279 1075 1342 in
1098 1279 1244 1364 capitulo

192 1385 426 1451 Monacboruru
451 1408 518 1451 non
540 1387 575 1450 in
598 1384 735 1450 solemni
761 1389 926 1449 conventu
950 1382 1117 1467 prastitae,
1141 1387 1244 1446 statui

190 1507 249 1550 suo
272 1487 453 1562 consulens,
477 1486 617 1552 Romam
641 1485 806 1571 profectus
830 1490 881 1548 est
903 1485 947 1548 ad
970 1483 1065 1548 illurn
1088 1483 1236 1549 famosis-

189 1587 308 1651 simum
332 1588 578 1674 negotiatorem,
602 1609 699 1672 quem
722 1606 851 1670 semper
874 1584 949 1649 odio
984 1584 1105 1648 habuit
1128 1584 1240 1648 anima

187 1693 307 1766 vestra,
340 1689 535 1774 Gregorium
570 1687 685 1753 Sancti
718 1686 838 1772 Angeli
871 1685 1081 1761 cardinalem,
1115 1691 1159 1750 et·
1185 1708 1244 1771 per

190 1789 307 1865 illum,2
329 1789 544 1855 multitudine
567 1810 754 1874 sparsorum
789 1789 825 1851 in
857 1788 948 1854 curia
971 1808 1154 1863 munerum,
1179 1787 1236 1851 ob-

187 1894 292 1957 tinuit
315 1897 354 1957 ut
371 1891 573 1975 justificatus
589 1890 712 1955 rediret
727 1891 763 1953 in
777 1890 914 1955 domum
926 1910 1042 1967 suam3
1066 1889 1240 1967 incertum,

186 2016 251 2079 qua
285 1994 348 2058 Dei
380 1993 623 2079 dispensatione
659 2000 846 2057 reservatus
868 1991 912 2056 ad
944 1991 1069 2073 majora
1102 1991 1231 2077 flagitia

187 2095 413 2182 perpetranda
437 2094 523 2159 sicut
552 2113 694 2180 praesens
718 2098 862 2158 testatur·
885 2092 964 2169 dier,
988 2113 1054 2176 qua
1077 2093 1238 2178 sanguine

187 2195 370 2260 innocentis
405 2201 609 2279 purpuratur
641 2194 784 2272 ecclesia,
809 2194 865 2278 qui
901 2193 1095 2258 sceleratum
1124 2194 1236 2271 istum,

188 2321 226 2363 eo
260 2296 348 2383 quod
374 2295 567 2361 concurialis
601 2295 672 2379 ejus
707 2299 789 2373 erat,
822 2295 970 2360 fraterna
992 2296 1131 2361 caritate
1155 2318 1242 2361 eom·

189 2400 318 2486 patiens
352 2404 387 2463 et
420 2396 548 2483 frugem
583 2397 663 2462 vitae
696 2396 841 2462 melioris
876 2402 1082 2482 exspectans,
1119 2398 1241 2463 debite

189 2501 358 2567 subtraxit
381 2498 510 2564 ultioni.

568 2934 850 3003 DOOLXXVIII.

190 3082 360 3149 Errsrom
384 3086 596 3152 Araxennar
613 3103 708 3152 rann
724 3103 984 3152 consonaroun
1006 3105 1054 3152 ro
1076 3088 1240 3153 Hsaasa-

234 3203 317 3262 run,
341 3203 422 3251 rosr
456 3204 584 3254 nounu
617 3205 674 3254 sur
709 3203 833 3254 sanem
857 3189 995 3254 Tnoun
1028 3206 1238 3255 unarrmuu

237 3304 474 3354 assensuram

578 3425 622 3488 (P.
634 3429 684 3485 413
703 3426 782 3476 nero,
794 3428 849 3488 ri)

233 3549 422 3616 Alexander
456 3553 627 3639 episcopus
659 3577 774 3620 servus
812 3577 980 3620 servorum
1019 3555 1081 3620 Dei
1117 3557 1237 3622 dilecto
1251 3564 1320 3614 June
1331 3568 1372 3615 2⁴·

188 3650 257 3714 filio
280 3653 439 3737 magistro
463 3654 629 3720 Herberto
661 3656 801 3720 salutem
835 3662 870 3720 et
903 3659 1116 3743 apostolicam
1139 3659 1237 3724 bene-

189 3752 374 3816 dictionem.

233 3852 430 3918 Deuotionis
463 3860 532 3920 tuae
569 3855 699 3921 litteras
732 3863 873 3942 paterna
906 3860 1113 3946 benignitate
1151 3883 1236 3928 reee-
1249 3874 1401 3925 Commend-

188 3955 307 4038 pimus,
323 3959 358 4018 et
373 3953 552 4020 intellectis
575 3957 803 4022 anxietatibus
826 3966 861 4024 et
883 3963 1054 4046 angustiis,
1077 3964 1236 4028 molestiis
1248 3939 1378 4057 2¹3¹}le

187 4062 222 4120 et
245 4057 412 4140 pressuris,
448 4078 530 4142 quas
565 4079 661 4143 aeqno
684 4060 795 4125 animo
819 4060 948 4140 toleras,
981 4062 1052 4140 tibi,
1075 4071 1234 4150 tanquam
1247 4072 1332 4149 vption
1344 4081 1371 4122 to

188 4158 308 4221 devoto
331 4163 366 4222 et
396 4158 531 4243 speciali
562 4159 705 4225 ecclesiae
735 4160 813 4238 filio,
836 4163 963 4229 sincera
992 4166 1112 4230 mentis
1139 4138 1396 4230 affec-hammer.

186 4260 277 4323 tione
294 4259 522 4344 compatimur,
539 4265 574 4325 et
589 4260 741 4338 libenter,
757 4264 930 4349 inquibus
946 4288 1118 4351 possumus
1132 4275 1236 4353 gratae

186 4361 418 4426 consolationis
441 4362 597 4426 solatium
628 4365 844 4451 impertimur.
891 4367 977 4432 Sane
1005 4370 1092 4453 quod
1114 4376 1237 4436 sanctae

186 4463 425 4528 recordationis
448 4464 582 4530 Thomas
609 4466 775 4550 quondam
807 4467 1038 4534 Cantuariensi
1062 4470 1237 4557 archiepis·

220 4684 284 4744 ¹ar,
294 4683 323 4732 Z.

275 4789 291 4819 o
328 4774 415 4823 12478.
