3278 5662
410 756 474 822 578
841 771 1021 820 srrsronrs.
1267 757 1350 840 [an.
1368 754 1465 827 1177.

410 956 570 1040 suspicari
609 955 820 1031 audentibus,
860 955 992 1021 volente
1032 957 1103 1042 ipso
1141 962 1289 1042 martyre
1327 955 1393 1022 Dei
1432 958 1467 1018 et

405 1057 554 1140 jubente,
578 1078 646 1122 una
676 1078 750 1123 cunr
775 1056 894 1122 dilecto
918 1058 1005 1123 socio
1036 1063 1149 1123 nostro
1179 1058 1339 1144 magistro
1361 1056 1465 1121 Alex·

409 1157 512 1222 andro
547 1162 670 1224 terrem
701 1179 848 1243 egressus
879 1159 952 1237 sim,
992 1165 1026 1223 et
1056 1160 1106 1225 ita
1135 1160 1251 1226 favens
1289 1159 1466 1234 Dominus,

410 1258 504 1344 cujus
535 1259 619 1326 oculi
655 1281 784 1345 semper
815 1259 1022 1347 prospiciunt
1054 1283 1153 1347 super
1186 1261 1295 1339 fidem,
1327 1282 1381 1326 me
1413 1258 1465 1323 in-

410 1362 671 1427 contaminatum
696 1361 773 1427 huie
797 1363 930 1447 negotio
952 1383 1012 1447 per
1034 1364 1176 1449 gratiam
1200 1384 1293 1428 suam
1316 1381 1464 1428 reserva-

412 1463 470 1538 rit,
505 1485 566 1529 nee
596 1463 706 1527 exsilii
738 1463 802 1527 mei
837 1463 976 1548 gloriam
1014 1465 1204 1549 ignominia
1241 1464 1332 1530 infici
1366 1483 1465 1528 naero

411 1565 579 1630 sustinuit.
627 1565 693 1629 Sed
716 1565 797 1649 quid
828 1565 963 1630 nomino
986 1566 1095 1630 exsilii
1125 1566 1263 1652 gloriam
1286 1565 1346 1651 qui
1376 1585 1463 1629 mar·

413 1667 494 1750 tyrii
527 1666 670 1751 palmam
701 1666 814 1731 videre
853 1688 920 1732 non
953 1666 1083 1732 merui?
1130 1667 1220 1747 Quin
1253 1667 1366 1752 potius
1396 1672 1465 1730 tor-

414 1769 506 1834 eular
529 1767 670 1833 caleavit
692 1766 790 1847 solus,
808 1772 843 1832 et
866 1768 1080 1854 degentibus
1104 1789 1171 1833 non
1194 1773 1267 1834 erat
1289 1765 1364 1831 vir¹
1387 1788 1464 1833 cum

412 1892 457 1936 eo.
506 1869 597 1936 Hinc
620 1875 671 1935 est
694 1870 783 1955 quod
816 1870 945 1954 quoties
979 1870 1082 1956 ipsius
1116 1875 1194 1935 ante
1224 1869 1347 1935 mentis
1380 1890 1464 1934 meae
1546 1865 1549 1869 ’

411 1974 522 2038 oculos
557 1973 710 2038 exsilium
745 1992 841 2057 pono,
873 1994 982 2037 meum
1014 1973 1113 2038 toties
1143 1972 1299 2037 exsilium
1329 1970 1464 2057 plango.

411 2074 532 2139 Vereor
563 2095 680 2159 nempe
713 2094 787 2139 cum
821 2072 902 2137 forti
935 2073 991 2138 illo
1024 2073 1152 2139 athleta
1183 2073 1307 2139 frustm
1340 2095 1393 2139 me
1428 2073 1466 2136 in

410 2176 652 2242 tentationibus
691 2175 758 2239 suis
805 2174 977 2252 laborasse,
1015 2196 1237 2260 perseverasse
1275 2196 1342 2240 non
1381 2174 1464 2251 dice,

410 2300 512 2362 quum
563 2276 840 2344 consummationi
894 2276 1049 2342 interesse
1101 2276 1203 2342 fuerit
1255 2276 1465 2361 denegatum.

413 2381 508 2446 Unde
533 2386 566 2445 et
590 2380 673 2444 milri
696 2401 786 2445 nunc
802 2383 853 2444 cst
870 2379 994 2465 duplex
1017 2380 1206 2444 incendium
1229 2377 1465 2444 tribulationis.

411 2483 465 2547 lde
497 2482 621 2568 quippe
644 2481 741 2567 lugeo
766 2481 960 2557 discessisse,
983 2482 1157 2547 decessisse
1191 2480 1297 2545 illum.
1343 2526 1351 2546 .
1399 2527 1408 2543 .
1456 2528 1464 2546 .

243 2577 349 2692 vision
409 2584 518 2648 Juxta
556 2583 644 2668 quod
682 2582 741 2647 uni
780 2604 822 2647 ex
861 2582 1019 2648 liatribus
1057 2583 1098 2648 do
1135 2582 1339 2658 Pontiniam,
1377 2581 1466 2648 sieut

241 2661 366 2762 illucue.
411 2707 471 2771 pro
494 2691 584 2751 certo
607 2685 754 2751 creditur
786 2691 855 2748 tam
879 2684 1000 2751 affectu
1024 2705 1123 2770 (luam
1146 2685 1264 2751 habitu
1294 2683 1466 2760 monacho,

410 2787 519 2853 rubris
551 2787 688 2852 indutus
721 2792 755 2851 et
788 2806 915 2852 crucem
950 2807 1044 2852 suam
1083 2787 1243 2872 bajulans,
1282 2786 1466 2852 sciscitanti

411 2889 573 2976 quomodo
608 2910 642 2953 se
676 2888 822 2963 haberet,
860 2889 1035 2973 respondit,
1069 2888 1160 2955 “Die
1193 2887 1351 2953 fratribus
1382 2887 1466 2953 meis

412 3000 428 3025 “
452 2991 540 3076 quod
556 3012 616 3077 ego
639 2991 704 3056 vici
728 2989 918 3065 mundum,''
935 2996 969 3054 et
985 2990 1102 3055 deinde
1125 2991 1300 3055 vulnerum
1317 2989 1347 3053 ei
1373 3009 1465 3053 mon-

411 3094 532 3158 stravit
564 3092 737 3158 cicatrices.
784 3090 958 3155 Visiones²
995 3098 1082 3158 certe
1114 3092 1205 3170 alias,
1240 3112 1321 3176 quas
1359 3092 1465 3156 servis

411 3196 478 3258 suis
507 3194 578 3279 jam
608 3192 813 3278 nrultiplicat
851 3193 942 3256 Deus
981 3193 1023 3258 ad
1057 3194 1334 3259 manifestandam
1363 3193 1465 3272 justi·

410 3298 491 3360 tiam
517 3297 605 3361 illius
629 3305 663 3360 et
686 3294 847 3382 lrassionis
871 3296 1086 3380 triumphum,
1103 3317 1293 3361 enumerare
1318 3295 1463 3381 longum.

243 3397 371 3475 Difficuby
410 3399 475 3463 Sed
499 3405 538 3462 ut
561 3398 703 3461 visiones
735 3403 916 3472 taceantur,
940 3399 1082 3462 virtutes
1106 3419 1188 3482 quas
1219 3399 1254 3461 in
1285 3403 1374 3463 terra
1404 3398 1465 3463 illa

240 3465 396 3593 ?nfgpalrglab-
404 3501 475 3585 jani
499 3500 676 3564 visibiliter
711 3506 866 3586 operatur
896 3498 995 3577 Deus,
1027 3501 1113 3565 sicut
1147 3499 1314 3565 mirabiles
1347 3501 1397 3563 ita
1428 3507 1464 3565 et

240 3598 363 3649 miracles.
407 3603 521 3667 nurltm
545 3608 630 3666 sunt.
678 3602 728 3665 De
752 3602 871 3686 quibus
894 3602 993 3665 mult-i
1017 3603 1124 3667 multa
1146 3602 1317 3668 sanctitati
1341 3610 1463 3667 vestire

407 3704 622 3789 scripsissent,
661 3703 725 3767 nisi
765 3703 933 3768 carceralis
974 3703 1062 3767 illius
1102 3709 1198 3769 terrae
1237 3702 1390 3789 angustia
1428 3711 1464 3769 et

407 3807 649 3872 dominantium
674 3806 791 3871 timore
816 3812 1051 3890 premerentur.
1093 3806 1110 3841 ⁴⁸
1158 3804 1175 3840 ⁸*
1222 3805 1243 3845 'l

408 3973 503 3981 ,---
695 3970 847 3979 -υ--ι-η
853 3971 910 3979 ---
1203 3971 1231 3978 —

443 4059 449 4090 ¹
468 4061 527 4119 aaa,
539 4061 569 4110 ll.
850 4061 854 4126 Ι
902 4060 912 4090 “·“
938 4058 1051 4109 l'ae'siencs
1071 4098 1075 4109 .
1096 4098 1100 4107 .
1122 4096 1126 4106 .
1143 4066 1321 4125 procrearetur,
1334 4066 1378 4109 nol
1390 4059 1416 4108 in
1430 4061 1462 4112 G.
