3278 5662
383 778 402 839 6
829 785 1010 831 nrrs‘ronn.
1236 768 1314 850 [no.
1332 769 1432 830 nou·

384 975 540 1039 vitiorum
564 974 728 1059 purgatio,
762 973 925 1034 virtutum
960 971 1200 1044 conflatorium,
1222 971 1343 1035 electos
1365 983 1433 1034 sta-

385 1082 481 1138 tuens
504 1074 592 1136 inter
616 1073 768 1136 ruallemn
793 1080 827 1136 et
852 1071 1023 1147 incudem3
1053 1071 1109 1135 sed
1133 1071 1174 1134 de
1193 1071 1246 1134 his
1280 1073 1433 1136 omnibus¹

383 1176 502 1240 liberat
533 1197 589 1240 eos
626 1174 800 1247 Dominus,
838 1181 873 1238 ct
910 1173 1066 1258 probatos
1104 1172 1277 1237 illustriori
1314 1196 1435 1238 corona

383 1276 556 1363 glorificat.
616 1275 652 1338 Si
699 1274 867 1338 licentiam
907 1273 1008 1358 (quod
1056 1282 1168 1337 tamen
1207 1296 1274 1338 non
1323 1274 1433 1359 credo)

383 1376 618 1442 transfretandi
641 1376 833 1451 obtinuerit,
848 1376 949 1439 timeo
966 1397 1006 1439 ue
1021 1383 1166 1460 cogatur,
1181 1398 1249 1440 non
1271 1376 1314 1439 sd
1328 1397 1435 1450 suum,

384 1479 461 1543 sed¹
486 1478 649 1543 exactoris
664 1477 838 1541 arbitrium
862 1476 1035 1562 appellare.
1076 1477 1112 1540 Si
1136 1478 1225 1540 enim
1248 1477 1291 1540 ad
1314 1483 1432 1541 nutum

385 1579 489 1664 ipsius
511 1601 577 1643 non
611 1579 830 1664 processerint
864 1579 1027 1653 universa,
1057 1578 1308 1642 exacerbabitur
1330 1579 1433 1663 impa-

386 1681 506 1745 tientia
537 1679 617 1765 ejus,
650 1680 704 1744 cui
735 1680 821 1744 citra
853 1678 993 1743 alioruin
1028 1680 1233 1744 eversionem
1266 1679 1352 1743 nihil
1384 1686 1436 1743 cst

386 1783 490 1862 satis3
534 1782 563 1846 si
601 1782 827 1866 processerint,
857 1781 990 1864 justitia
1028 1781 1243 1866 relinquetur,
1280 1787 1315 1846 et
1354 1782 1434 1865 (quo

387 1883 469 1949 nihil
503 1883 648 1949 deterius
677 1887 738 1946 aut
769 1883 899 1966 turpius
931 1889 1005 1962 est)
1037 1882 1223 1947 offendetur
1255 1883 1352 1947 Deus
1397 1882 1434 1946 si

387 1985 488 2070 (quod
512 1985 616 2069 magis
638 1985 747 2064 eredo)
772 1984 984 2047 transfretare
1016 1983 1238 2068 prohibeatur,
1270 1984 1371 2047 timeo
1393 2005 1435 2046 no
1544 2029 1556 2044 ,

386 2088 474 2152 solus
505 2086 682 2150 sulsistere
714 2108 780 2150 non
816 2086 926 2170 possit,
959 2092 1010 2150 tot
1032 2086 1162 2149 insidiis
1184 2087 1361 2172 appetitus,
1384 2093 1437 2150 lot
1557 2120 1562 2129 ·

388 2195 583 2276 provocatus
621 2188 760 2273 injuriis,
801 2194 836 2253 et
874 2189 1053 2253 tortoribus
1091 2189 1217 2253 cunctis
1256 2190 1434 2274 expositus.

387 2292 475 2358 Nam
498 2296 533 2355 ct
555 2289 777 2355 bonfortasse
812 2290 975 2355 mandatis
1006 2292 1242 2377 principalibus
1264 2292 1435 2356 inseretur.

388 2392 504 2457 Mitius
528 2398 648 2467 tamen,
671 2392 699 2456 si
734 2391 814 2476 quid
850 2399 1059 2456 rnnusuetum
1082 2415 1151 2457 esse
1176 2393 1286 2458 vulcat
1308 2392 1344 2457 in
1367 2399 1434 2456 tor·

388 2495 516 2568 ruentis,
540 2493 671 2558 tolerari
707 2499 863 2578 poterunt
898 2492 1067 2557 inferiores
1101 2494 1242 2557 ministri
1269 2493 1435 2570 Satharne,

387 2616 483 2680 «ruam
509 2594 564 2659 ille
598 2616 740 2679 praesens
774 2595 831 2678 qui
863 2595 1072 2680 exigentibus
1104 2596 1246 2680 peccatis
1280 2595 1435 2680 majorem

388 2696 534 2764 nocendi·
550 2697 675 2780 accepit
698 2716 719 2759 a
743 2695 885 2760 Domino
901 2701 1108 2782 potestatem.
1139 2697 1238 2762 Unde
1254 2695 1436 2761 consultius

387 2799 538 2876 arbitror,
555 2805 593 2861 ut
616 2798 774 2882 quamdiu
798 2820 856 2882 per
878 2798 1117 2882 dispensatoris
1141 2798 1347 2874 diverticula,
1362 2821 1435 2882 qua·

388 2907 499 2966 tamen
518 2899 686 2983 justitiam
710 2899 899 2962 nullatenus
930 2898 1120 2983 impediant,
1144 2901 1282 2965 evadere
1304 2901 1436 2986 poterit,

387 3001 553 3087 lutieuter
575 2999 707 3064 interim
742 2999 905 3064 sustineat
939 2998 1088 3064 habitare
1121 3023 1194 3065 cum
1219 3001 1296 3064 liliis
1320 3000 1434 3079 Ccdar,

387 3107 581 3186 exspectans
604 3099 778 3166 consilium
801 3107 836 3164 et
858 3100 1112 3165 consolationem
1147 3123 1167 3165 a
1195 3102 1345 3166 Domino.
1398 3104 1434 3167 Si

389 3225 467 3268 vero
491 3223 600 3293 regem
624 3201 730 3266 redire
753 3202 937 3286 eontigerit,
961 3210 996 3266 et
1018 3202 1134 3266 durius
1156 3204 1374 3268 conveniatur
1398 3211 1436 3269 ut

389 3310 535 3369 tremeat
558 3304 592 3366 in
624 3303 795 3388 collegium
834 3303 1016 3387 impiorum,
1052 3326 1164 3369 vocem
1187 3305 1341 3390 pontifice
1364 3305 1436 3392 dig-

388 3427 466 3470 nam
490 3409 622 3469 exserat
644 3404 679 3467 in
714 3403 834 3490 spiritu
868 3404 1042 3484 libertatis,
1077 3415 1111 3469 et
1133 3406 1436 3490 antequam'lsedat

388 3506 531 3574 ecclesiae
554 3505 786 3580 conditionem,
821 3516 963 3592 sumpta,
986 3528 1085 3591 quam
1109 3507 1200 3571 Deus
1223 3508 1435 3584 ministrabit,

387 3608 525 3673 honesta
548 3629 654 3683 causa,
678 3613 775 3672 exeat
806 3608 846 3673 de
877 3608 985 3672 medio
1020 3608 1209 3693 Babylonis
1232 3632 1274 3673 ne
1298 3615 1436 3696 tangens

388 3708 596 3775 immundum
631 3709 772 3793 accipiat
806 3709 846 3773 de
870 3709 977 3795 plagis
1008 3708 1100 3794 ejus;
1131 3709 1253 3788 funem,
1287 3711 1315 3775 si
1352 3711 1435 3776 alins

387 3809 472 3875 solvi
495 3831 562 3874 non
584 3813 705 3895 potest,
728 3831 892 3894 rumpens,
904 3831 945 3874 ne
969 3831 1043 3875 cum
1067 3811 1211 3896 periculo
1226 3812 1434 3879 conscientiae

388 3919 423 3977 et
445 3915 525 3976 nota
546 3910 692 3975 insamiae
714 3909 921 3976 salvatricem
938 3917 1074 3996 cogatur
1088 3934 1239 3998 rumpere
1254 3915 1434 3979 caritatem.

389 4011 537 4089 Interim,
562 4011 641 4096 quia
663 4016 714 4076 tot
744 4013 907 4097 angustiae
934 4013 1080 4098 undique
1103 4014 1286 4092 imminent,
1302 4016 1436 4081 consulo

388 4120 437 4191 ut,
468 4118 633 4199 quatenus
664 4113 796 4197 poterit,
820 4113 861 4178 de
884 4115 983 4187 rebus
1005 4117 1075 4181 suis
1101 4116 1283 4202 prospiciat
1305 4117 1377 4195 sibi,
1400 4126 1435 4183 et

387 4216 531 4281 maxime
565 4235 656 4300 spem
695 4236 818 4300 ponens
863 4217 898 4279 in
937 4218 1089 4303 operibus
1135 4219 1364 4286 misericordiae
1401 4226 1436 4286 et

388 4315 593 4382 orationibus
615 4322 812 4381 sanctorum.
859 4318 914 4382 Sic
946 4319 1042 4397 enim,
1078 4320 1178 4404 (quod
1212 4326 1246 4386 et
1269 4320 1372 4398 illum,
1406 4324 1433 4386 si

387 4416 534 4481 nondum
562 4415 652 4502 legit,
692 4417 797 4503 legere
837 4418 1010 4504 desidero)
1043 4431 1183 4509 mugnus
1224 4423 1368 4488 Basilius
1400 4447 1434 4490 se

685 4580 777 4588 ...μς--
791 4583 795 4586 »
809 4581 822 4587 -
838 4582 1067 4589 -----—-‹--——---
1082 4583 1108 4589 ...-
1119 4585 1161 4591 -..-
1170 4585 1369 4592 ....---.-——
1380 4587 1431 4594 .....-

685 4652 691 4685 ¹
711 4660 743 4715 el,
755 4653 802 4704 ins.
816 4655 850 4719 V,
863 4656 897 4716 25
915 4657 957 4708 ud.
969 4656 993 4707 L
1006 4678 1012 4716 ς
1031 4675 1080 4709 um.
1093 4661 1125 4713 O.
