3278 5662
362 774 427 837 328
812 785 994 839 aersronn„
1221 779 1303 863 [an.
1319 783 1425 854 1170.

364 979 399 1037 et
422 969 574 1046 ecclesiae,
601 991 700 1056 quam
733 989 800 1036 non
830 969 1039 1037 mediocriter
1072 972 1209 1051 leserat,
1240 979 1423 1047 manifesta

368 1073 446 1139 boni
468 1073 730 1159 compensatione
754 1072 965 1151 satisfaciens,
987 1081 1144 1160 purgaret
1174 1080 1424 1160 conscientiam,

372 1180 406 1239 et
429 1174 602 1240 redimeret
634 1174 757 1239 famam
770 1198 778 1252 ;
800 1173 886 1260 jnam
910 1173 953 1238 ab
975 1175 1099 1260 iniquis
1129 1179 1335 1260 consiliariis,
1361 1205 1421 1268 po-

365 1277 432 1340 tius
459 1296 556 1361 quarn
580 1276 762 1363 apropriae
777 1275 961 1340 voluntatis
983 1276 1153 1355 instinctu,
1169 1301 1269 1366 grave
1293 1271 1422 1350 utrius·

368 1399 431 1463 que
455 1378 662 1463 dispendium
685 1385 744 1464 pat
730 1378 879 1443 itebatur

194 1479 334 1545 unaque
412 1477 497 1545 Cum
520 1485 631 1544 autem
654 1478 857 1546 haecomnia
887 1499 954 1543 non
977 1481 1075 1546 modo
1102 1483 1277 1568 patienter,
1301 1489 1360 1552 sed
1384 1500 1422 1556 et

194 1546 343 1664 {ffffl‘
370 1580 520 1667 benigne,
543 1581 681 1656 audiret,
703 1589 737 1646 et
723 1580 1022 1646 temendationem
1053 1583 1271 1669 promitteret,
1296 1589 1421 1674 adjeci·

195 1677 258 1730 ⁶⁰¹¹
366 1702 440 1745 mus
462 1681 525 1747 sibi
552 1682 768 1747 necessarium
792 1701 860 1746 esse
882 1680 925 1746 ad
955 1681 1106 1762 salutem,
1132 1691 1167 1750 et
1200 1685 1314 1752 liberis
1347 1692 1419 1756 suis

368 1783 411 1848 ad
434 1783 692 1850 incolumitatem
716 1790 750 1848 et
782 1783 1035 1848 indemnitatem
1058 1805 1218 1852 concessae
1250 1789 1419 1857 divinitus

366 1886 547 1971 potestatis,
572 1886 667 1950 utin
690 1906 729 1949 eo
751 1892 872 1950 sanctae
896 1882 1128 1950 cantuariensi
1151 1887 1295 1955 ecclesius
1314 1895 1417 1960 matri

364 2008 432 2052 suae
456 1985 648 2075 diligentius
675 1985 884 2060 satisfaceret,
908 1985 1031 2071 inquo
1055 2008 1128 2052 eam
1152 2010 1258 2075 nuper
1288 1995 1418 2078 gravis.

363 2087 444 2153 sime
468 2087 602 2153 laeserat.
650 2087 738 2152 Nam
762 2085 866 2150 filium
898 2106 994 2150 suum
1019 2091 1134 2151 contra
1161 2087 1218 2174 jus
1252 2093 1419 2179 antiquis·

365 2189 484 2253 simum
530 2188 672 2255 ecclesiae
717 2193 839 2253 nostrae
877 2186 997 2252 fecerat
1034 2189 1213 2255 enormiter
1258 2197 1419 2274 coronari,

365 2291 578 2378 usurpatione
600 2288 832 2374 archiepiscopi
850 2288 1072 2366 Eboracensis‚
1092 2290 1149 2374 qui
1172 2300 1289 2359 contra
1303 2302 1419 2364 vetus·

364 2392 525 2459 tissimam
542 2390 821 2470 consuetudinem,
837 2397 872 2456 et
895 2397 969 2476 post
987 2390 1244 2476 prohibitionem
1263 2402 1420 2476 vestram

365 2501 399 2562 et
421 2497 522 2563 etiam
545 2496 582 2561 in
603 2494 712 2561 aliena
734 2493 913 2580 provincia,
935 2495 1211 2562 consecrationem
1242 2497 1328 2567 hanc
1360 2523 1418 2568 ax·

364 2599 456 2683 sequi
479 2618 565 2665 caeca
587 2596 687 2661 nimis
709 2603 742 2662 et
774 2595 948 2660 temeraria
981 2595 1161 2662 ambitione
1195 2604 1417 2688 praesumpsit.

366 2701 408 2764 In
431 2721 497 2786 quo
519 2698 575 2764 ille
590 2696 774 2785 paullulum
797 2694 970 2772 reluctans,
986 2702 1188 2782 protestatus
1204 2704 1318 2766 tamen
1339 2710 1419 2770 ante

369 2823 403 2867 se
426 2801 713 2889 nihilproponere
736 2797 788 2863 rel
819 2797 1062 2884 propositurum
1095 2817 1163 2863 esse
1198 2800 1310 2867 animo
1342 2824 1418 2871 oon-

375 2903 547 2982 tendendi,
563 2912 578 2937 “
591 2900 699 2982 Quis,’'
723 2899 841 2986 inquit,
858 2895 1056 2965 “coronavit
1078 2921 1186 2986 regem
1206 2900 1422 2983 Willelmum,

369 3007 468 3093 “qui
492 3008 555 3074 sibi
579 3004 734 3092 Angliam
769 3000 974 3089 subjugavit,
995 3007 1030 3067 et
1062 3023 1151 3088 reges
1183 3006 1421 3075 succedentes?

373 3112 533 3176 “Nonne
565 3105 785 3182 Eboracensis,
809 3110 869 3170 aut
902 3102 987 3169 alius
1021 3102 1203 3193 episcopus,
1235 3113 1336 3192 prout
1369 3109 1421 3175 illi

369 3222 387 3250 “
410 3213 561 3301 placebat
584 3210 641 3296 qui
666 3205 870 3274 coronandus
892 3210 963 3272 erat
994 3205 1029 3269 in
1051 3205 1211 3292 regemt”
1258 3209 1313 3273 Ad
1345 3232 1420 3297 quae

372 3340 440 3393 nos,
464 3315 551 3402 quod
575 3335 617 3378 ex
639 3309 758 3378 celebri
785 3309 894 3394 gentis
928 3313 1049 3373 nostrae
1076 3306 1176 3373 claret
1198 3308 1347 3389 historia,
1370 3336 1421 3380 re-

374 3417 575 3504 spondimus,
598 3410 685 3498 quod
710 3419 777 3475 “eo
800 3417 946 3494 tempore
976 3430 1041 3493 quo
1063 3407 1185 3495 Anglia
1207 3415 1305 3495 capta
1326 3419 1378 3477 est
1400 3438 1420 3479 a

374 3526 392 3553 “
415 3516 626 3593 Normannis,
650 3510 896 3578 Cantuariensis
920 3510 1054 3578 ecclesia
1077 3510 1243 3597 proprium
1271 3533 1338 3577 non
1360 3513 1421 3581 ha-

376 3630 393 3656 “
417 3621 517 3686 habat
538 3617 734 3693 antistitem,
750 3613 805 3680 sed
830 3613 924 3698 quasi
948 3613 1080 3699 captiva
1102 3611 1277 3678 tenebatur
1299 3635 1320 3680 a
1342 3638 1421 3703 quo-

375 3735 389 3759 “
414 3722 490 3789 dam
515 3719 685 3808 Stigando,
708 3717 765 3803 qui
797 3714 898 3792 illam,
921 3715 1006 3781 sieut
1036 3720 1070 3780 ct
1092 3713 1364 3795 wintoniensem,
1388 3728 1423 3785 et

376 3838 392 3862 “
416 3824 687 3897 londoniensem,
709 3828 743 3885 et
766 3817 1038 3904 wigorniensem,
1060 3822 1095 3881 et
1126 3815 1291 3883 Eliensem
1323 3822 1421 3888 eecle-

374 3937 391 3964 “
415 3928 506 4005 siam,
528 3924 668 4013 publicae
699 3920 871 4008 potestatis
895 3924 929 3985 et
951 3919 1129 3985 amicorum
1159 3918 1287 3985 viribus
1310 3928 1424 3989 contra

380 4039 396 4065 “
420 4029 651 4095 inhibitionem
675 4023 816 4090 Romani
838 4020 1010 4109 pontificis,
1043 4029 1271 4107 occupaverat,
1294 4033 1423 4111 aposto.

368 4143 385 4169 “
409 4134 481 4200 licae
512 4131 597 4198 sedis
628 4127 855 4196 communione
889 4145 1001 4191 careus
1035 4129 1070 4188 et
1103 4124 1232 4210 gratia3
1266 4127 1354 4193 unde
1389 4137 1424 4194 et

376 4233 637 4304 “demandato
663 4231 787 4319 ejus,a
818 4227 958 4316 praefato
981 4248 1055 4312 rege
1090 4233 1205 4313 captus
1239 4228 1275 4293 in
1297 4250 1423 4297 caruere

376 4348 393 4374 “
418 4340 505 4404 diem
528 4335 620 4403 obiit.
668 4332 744 4414 Qua
773 4329 966 4397 necessitate
998 4334 1086 4404 tunc,
1109 4329 1213 4414 (quod
1245 4350 1306 4396 nec
1337 4337 1423 4409 ante,

381 4451 396 4476 ‘⁴
419 4462 479 4505 nec
511 4442 586 4526 post
618 4434 739 4501 lectum
773 4437 824 4498 est
860 4430 914 4496 vel
951 4430 1126 4513 auditum)
1164 4430 1425 4520 archiepiscopus

380 4552 396 4576 “
421 4536 642 4613 Eboracensis,
666 4535 724 4621 qui
747 4532 891 4600 clarioris
914 4536 985 4597 erat
1006 4531 1177 4617 opinionis,
1201 4531 1251 4595 illi
1281 4535 1350 4621 regi
1373 4556 1426 4601 co·

379 4652 396 4678 “
421 4662 536 4708 ronam
558 4637 724 4724 imposuit.
771 4633 972 4700 Lanfiancus
995 4654 1073 4699 vero
1095 4633 1200 4699 filium
1223 4633 1294 4720 ojus
1317 4657 1425 4722 regem
