3278 5662
183 812 249 862 an.
268 796 379 881 1171]
617 811 799 861 nrrsronn.
1175 794 1240 863 497

186 1023 305 1081 sumus,
340 1001 506 1066 afferentis
544 1002 615 1086 ejus
647 1000 842 1085 rescriptum
873 1001 1045 1066 continens
1080 1001 1175 1065 vobis
1206 1005 1240 1064 et

188 1102 320 1167 domino
343 1102 536 1167 Belvacensi
558 1102 711 1187 episcopo
733 1101 991 1166 sollicitudinem
1023 1101 1240 1167 absolutionis

187 1209 308 1268 nostrae
346 1226 414 1269 esse
452 1203 646 1288 injunctam.
693 1202 781 1282 Quia
818 1202 921 1289 igitur
956 1225 1105 1289 personae
1144 1202 1239 1268 vobis

186 1304 352 1389 adjunctae
389 1305 531 1369 mutatio
571 1310 717 1369 vestrum
765 1303 935 1369 immutari
973 1304 1128 1390 poscebat
1165 1325 1241 1369 con·

186 1407 306 1484 silium,
344 1405 565 1472 incontinenti
612 1406 748 1472 nuntios
786 1410 915 1471 nostros
953 1407 996 1471 ad
1044 1406 1241 1492 praedictum

185 1510 373 1594 episcopum
396 1508 585 1585 direximus,
609 1507 734 1573 domini
768 1529 862 1594 papae
896 1508 1092 1594 rescriptum
1124 1508 1155 1572 ei
1185 1508 1242 1571 de·

187 1612 336 1691 ferentes
359 1616 393 1676 et
415 1611 503 1676 diem
526 1615 561 1675 et
593 1610 701 1676 locum
735 1610 831 1675 nobis
863 1609 1072 1696 designatum
1095 1632 1117 1675 a
1148 1609 1242 1675 vobis

188 1714 387 1778 intimantes.
435 1711 501 1777 Sed
524 1711 679 1797 quoniam
702 1732 796 1776 casus
818 1710 971 1789 fortuiti,1
994 1712 1052 1797 qui
1074 1711 1241 1798 provideri

188 1820 369 1900 noqueunt,
408 1812 670 1899 diligentissimis
708 1814 809 1878 etiam
856 1813 977 1898 saepius
1014 1814 1242 1892 adversantur,

189 1917 307 1982 incerti
330 1917 388 1981 ubi
411 1922 471 1981 aut
494 1916 636 2001 qualiter
658 1937 693 1980 se
725 1915 850 1980 habens
883 1917 1060 2002 praedictus
1092 1918 1241 1983 invenis*

188 2025 244 2083 tur
266 2020 442 2105 episcopus,
467 2017 704 2083 benevolentiae
727 2022 855 2093 vestrae,
878 2018 932 2082 cui
955 2018 990 2080 in
1014 2018 1127 2084 multis
1150 2027 1241 2087 tene·

191 2144 265 2185 mur
287 2121 432 2196 obnoxii,
454 2141 566 2206 preces
588 2119 765 2184 affectuose
797 2118 1005 2204 porrigimus,
1028 2125 1068 2184 ut
1102 2121 1240 2187 duorum

190 2223 243 2288 vel
282 2223 383 2287 trium
423 2223 551 2287 dierum
589 2221 695 2306 spatio
734 2219 823 2284 ultra
861 2242 961 2306 quam
1000 2221 1036 2285 in
1075 2207 1241 2308 proposito

190 2325 362 2401 habuistis,
387 2323 526 2388 Senonis
549 2323 685 2387 nuntios
715 2327 845 2388 nostros
868 2324 1065 2407 exspectetis
1097 2331 1241 2410 reporta-

190 2433 281 2492 turos
318 2427 412 2492 vobis
459 2425 608 2511 praedicti
656 2422 800 2510 episcopi
838 2446 1041 2509 responsum,
1079 2425 1107 2488 si
1151 2448 1243 2492 mora

191 2535 301 2594 tamen
324 2529 488 2593 adventus
520 2547 632 2591 eorum
665 2526 699 2589 id
723 2525 793 2589 fieri
829 2525 1056 2611 postulaverit.
1103 2526 1243 2593 Omnem

193 2632 280 2695 enim
304 2631 415 2696 daturi
439 2650 552 2694 sumus
576 2649 709 2713 operam
733 2633 772 2691 ut
806 2648 932 2692 moram
955 2628 1040 2693 hanc
1062 2631 1245 2713 praevenia-

192 2755 276 2809 mus,
315 2738 347 2796 et
387 2736 514 2796 statuto
552 2729 648 2795 nobis
686 2728 740 2793 die
778 2732 813 2794 et
850 2727 930 2805 loco,
960 2729 1063 2807 vobis,
1102 2731 1245 2815 juvante

192 2835 344 2913 Domino,
368 2855 581 2900 occurramus.

615 3197 812 3266 DCOLXII.

195 3360 416 3428 GILEBERTUS
440 3363 701 3429 LONDONIENSIS
717 3379 903 3430 EPISCOPUS
925 3381 973 3429 An
995 3366 1247 3429 ALEXANDRUM

652 3481 775 3532 Paeon.

562 3616 604 3677 (C.
616 3620 684 3674 200;
701 3614 733 3666 G.
745 3614 801 3665 Fol.
817 3615 886 3675 155.)

239 3744 330 3810 Patri
363 3765 422 3808 suo
457 3750 491 3808 et
528 3744 672 3822 domino,
702 3766 829 3809 summo
867 3744 1016 3829 pontifici
1047 3746 1247 3824 Alexandro,

195 3846 299 3909 frater
323 3845 523 3908 Gillebertus
547 3845 788 3911 Lundoniensis
811 3845 952 3911 eeclesiae
975 3846 1134 3924 minister,
1158 3848 1249 3912 debi-

196 3954 268 4011 tum
292 3946 425 4010 omnino
448 3946 662 4031 subjectionis
685 3952 720 4012 et
742 3946 939 4013 obedientiae
962 3947 1168 4015 famulatum.

238 4048 292 4112 Ad
316 4051 471 4124 vestram,
494 4051 596 4132 pater,
620 4045 884 4134 indignationem
919 4048 1082 4114 exhausta
1115 4052 1248 4116 fletibus
1261 4054 1401 4132 Thinking

195 4155 229 4213 ct
259 4169 405 4213 aerumna
439 4148 581 4233 eorporis
617 4148 681 4214 mei
715 4147 847 4234 jamdiu
879 4149 987 4213 virtus
1021 4149 1178 4237 elanguit,
1214 4157 1248 4214 et
1261 4121 1405 4252 ξζζὲξὲωι

195 4252 338 4317 ⁰b¹¹⁰Xia
361 4273 499 4336 (luaeque
522 4250 672 4316 sensibus
695 4250 810 4317 officiis
843 4251 1002 4317 indevota
1033 4254 1101 4316 suis
1134 4255 1249 4317 innata
1262 4251 1391 4328 naama

195 4354 315 4418 doloris
354 4353 465 4417 intimi
502 4373 597 4438 paena
634 4352 714 4419 fecit
751 4354 964 4419 immensitas.
1011 4352 1066 4416 Ad
1105 4358 1246 4418 vestram
1261 4333 1409 4448 {magnus

198 4456 287 4519 onim
325 4454 529 4519 aversionem
566 4454 677 4519 factus
715 4453 804 4520 illico
843 4476 914 4518 sum
957 4453 1063 4539 plebis
1100 4453 1250 4538 abjectio,
1262 4466 1339 4500 ¹1¹⁰?ss-

628 4705 636 4740 ¹
652 4705 777 4770 euertit,
788 4704 818 4758 c.
