3278 5662
358 760 422 828 472
527 764 529 768 ’
805 732 986 824 erroreum.
1213 760 1292 843 [am.
1304 755 1413 852 ‘1171.

358 961 451 1023 muni
474 959 611 1025 consilio
643 960 752 1025 media
784 965 879 1025 nocte
903 966 937 1024 et
971 958 1135 1025 latenter¹
1170 959 1344 1036 exivimus,
1380 962 1417 1023 et

358 1062 404 1124 sie
426 1083 485 1146 per
511 1061 654 1146 abrupta
685 1062 847 1126 montium
871 1068 905 1126 et
939 1083 997 1146 per
1020 1060 1091 1126 loca
1124 1060 1190 1125 fere
1224 1061 1325 1137 invia,
1349 1059 1416 1124 sub

359 1184 477 1248 magno
500 1164 618 1228 timore
641 1170 675 1228 ct
690 1164 841 1249 periculo,
858 1164 990 1229 tandem
1015 1165 1165 1228 venimus
1180 1162 1415 1229 Tusculanum

360 1263 413 1325 Ibi
437 1264 612 1328 Ricardum
645 1264 754 1341 Barre‚
778 1265 818 1329 de
851 1273 961 1329 vestro
992 1264 1124 1342 honore,
1147 1265 1234 1330 sicut
1264 1264 1416 1343 decebat,

361 1364 547 1439 sollicitum,
571 1375 606 1429 et
629 1365 672 1429 ad
695 1370 839 1430 vestram
872 1366 1053 1430 utilitatem
1077 1366 1256 1449 prudenter
1288 1369 1325 1428 et
1359 1364 1415 1428 in·

360 1469 488 1529 stanter
510 1465 723 1541 laborantem,
756 1466 952 1541 invenimus,
988 1466 1129 1530 multum
1165 1463 1301 1530 tamen²
1335 1485 1415 1529 con-

361 1567 530 1629 tristatum
558 1572 592 1630 et
626 1566 805 1643 confusum,
828 1568 907 1652 quia
938 1588 997 1632 nec
1020 1567 1173 1631 dominus
1195 1587 1281 1652 papa
1313 1565 1416 1630 eum³

360 1674 535 1751 receperat,
558 1689 618 1731 uec
644 1668 702 1731 alii
734 1667 893 1754 benignos
916 1675 950 1733 et
983 1668 1143 1732 humanos
1167 1690 1201 1732 se
1234 1666 1285 1730 illi
1317 1666 1415 1731 exhi·

193 1778 271 1856 rheu
281 1795 321 1828 ro·
361 1767 508 1831 buerant.
549 1767 618 1832 Nos
634 1774 745 1833 autem
762 1769 932 1833 venientes
947 1769 1100 1834 dominus
1114 1790 1200 1854 papa
1214 1790 1274 1835 nec
1289 1768 1415 1845 videre,

193 1853 339 1962 “fffiffi
360 1889 420 1933 nec
442 1869 485 1933 ad
508 1870 664 1947 osculum,
688 1892 747 1934 nec
769 1871 811 1935 ad
844 1871 982 1955 pedem⁴
1004 1871 1112 1936 voluit
1133 1870 1297 1955 recipere.¹
1343 1870 1414 1934 Vix

361 1968 475 2032 enim¹
496 1970 646 2056 plerique
669 1972 884 2036 cardinalium
909 1972 1037 2058 dignati
1067 1976 1146 2035 sunt
1174 1993 1234 2036 nos
1268 1971 1435 2058 recipere·

360 2068 414 2133 vel
446 2069 505 2133 in¹
537 2074 644 2137 verbo.
694 2073 760 2137 Diu
795 2095 870 2160 ergo
904 2075 938 2137 in
960 2071 1205 2138 amaritudine⁸
1234 2073 1414 2158 spirituum

360 2177 547 2236 nostrorum
570 2175 669 2241 anxie
692 2173 903 2252 conturbati,¹
920 2176 972 2239 his
985 2173 1010 2213 ¹⁰
1033 2175 1091 2259 qui
1107 2196 1165 2238 vos
1181 2174 1311 2238 fidelius
1334 2174 1411 2238 dili-

359 2275 483 2358 gebant
505 2277 691 2340 omnimode
722 2277 1000 2362 supplicavimus,
1015 2281 1052 2340 ut
1075 2298 1187 2340 corum
1218 2277 1413 2340 interventu

360 2376 513 2441 dominus
536 2399 624 2463 papa
646 2399 852 2463 quecumque
876 2378 971 2443 modo
1002 2377 1206 2442 audientiam
1229 2376 1324 2441 nobis
1359 2379 1411 2441 in-

359 2478 516 2563 dulgeret.
556 2480 608 2543 Ad
626 2501 737 2544 eorum
747 2479 772 2518 ¹¹
787 2479 982 2545 instantiam
994 2479 1116 2564 recepti
1129 2483 1208 2542 sunt
1223 2478 1377 2543 dominus
1387 2478 1413 2517 ¹¹

358 2581 460 2645 abbas
473 2579 709 2646 Vallaceusis¹¹
719 2587 752 2645 et
768 2581 981 2646 Lexoviensis
1004 2580 1332 2665 a1·chidiaconus‚qui
1348 2581 1412 2644 mi·

358 2701 421 2745 nus
436 2681 644 2746 habebantur
666 2683 818 2767 suspecti.
865 2682 934 2767 Ipsi
958 2687 1069 2746 autem
1092 2702 1167 2745 cum
1193 2702 1314 2745 nomen
1336 2703 1410 2744 ves-

359 2787 457 2859 trum,
472 2787 630 2868 tanquam
648 2783 851 2848 devotissimi
861 2782 922 2846 filii
938 2782 1096 2846 Romanae
1108 2782 1259 2859 ecclesiae,
1275 2783 1310 2845 in
1322 2784 1411 2847 salu·

357 2885 484 2948 tatione
512 2906 554 2948 ex
578 2888 688 2949 vestra
715 2890 808 2970 parte
833 2889 1062 2969 proponerent,
1088 2882 1283 2948 acclamavit
1291 2883 1316 2922 ¹¹
1337 2889 1411 2950 tota

358 2986 465 3049 curia:
491 2992 507 3018 “
520 2984 698 3061 Sustinetc,
726 2985 931 3050 sustinetei”
953 2991 1112 3069 tanquam
1147 2985 1280 3049 domino
1314 3007 1410 3071 papae

357 3080 578 3150 abominabile
601 3092 686 3151 esset
709 3086 823 3159 audire
845 3106 965 3150 nomen
988 3091 1145 3150 vestrum.
1192 3085 1247 3150 Sic
1273 3106 1294 3149 a
1317 3088 1411 3152 curia

357 3188 529 3251 venientes
552 3209 623 3252 sero
656 3185 859 3252 redierunt¹¹
882 3187 925 3250 ad
948 3187 1119 3250 dominum
1152 3207 1282 3271 papam,
1305 3187 1335 3251 ei
1368 3187 1410 3254 de

357 3290 521 3352 communi
544 3295 657 3353 nostro
681 3289 816 3354 consilio
840 3295 1041 3374 exponentes
1064 3289 1150 3373 quod
1174 3287 1268 3351 nobis
1300 3288 1410 3355 fuerat

356 3412 377 3451 a
392 3396 502 3455 vestra
517 3391 689 3475 majestate
705 3391 902 3474 injunctum,
919 3391 1094 3454 referentes
1110 3389 1210 3453 etiam
1226 3389 1373 3455 seriatim
1383 3390 1410 3429 ¹⁶

356 3491 487 3575 singula
510 3490 668 3555 beneficia
691 3512 765 3576 quae
789 3490 1020 3555 Cantuariensi
1036 3489 1257 3567 contuleratis,
1281 3496 1315 3555 et
1341 3492 1408 3557 sin-

356 3591 450 3676 gulos
466 3613 617 3656 excessus
634 3600 668 3656 et
683 3589 1013 3676 inopportunitates¹¹
1028 3611 1109 3675 quas
1124 3596 1240 3656 contra
1263 3597 1408 3658 vestram

356 3694 564 3758 commiserat
580 3693 776 3780 dignitatem
790 3716 797 3771 ;
813 3696 984 3777 totumque
1008 3691 1069 3755 hoc
1084 3692 1228 3779 primum
1238 3691 1261 3732 ¹³
1275 3700 1408 3773 secreto,

422 3872 460 3878 ..-
475 3872 578 3878 .--.--.
594 3872 685 3880 ..---
698 3871 881 3882 ..-..-—.--—
899 3870 995 3876 .-—.—
1025 3870 1039 3874 -
1055 3869 1117 3875 -—-
1154 3870 1337 3879 Ἢ

388 3972 397 4004 ¹
413 3972 512 4022 occrdto
532 3980 555 4021 ct
573 3971 760 4036 srerrduleuter,
776 3972 813 4031 ῦς
831 3979 854 4020 et
940 3970 959 4002 ¹⁰
975 3969 1030 4030 lter,
1042 3970 1073 4021 G.

353 4050 460 4100 latenter
472 4049 596 4114 (without
606 4048 726 4111 occulto),
738 4051 768 4108 Z,
778 4049 809 4099 L.
939 4050 957 4083 ¹¹
978 4067 1070 4111 comm,
1084 4052 1122 4111 c;
1140 4068 1191 4101 om.
1203 4054 1233 4102 L.

387 4130 398 4162 ¹
416 4138 504 4189 tamen,
516 4144 566 4179 om.
580 4127 608 4179 C.
939 4127 959 4160 ¹¹
977 4128 1102 4189 dominus,
1113 4145 1163 4180 om.
1176 4131 1206 4182 C,

386 4208 396 4239 ¹
414 4225 466 4257 eam
484 4245 490 4258 .
510 4243 516 4256 .
534 4243 541 4257 .
556 4223 638 4271 papa,
650 4221 700 4256 om.
713 4207 742 4257 C.
939 4207 959 4239 ¹¹
980 4207 1104 4268 wellet,
1116 4207 1155 4269 O;
1171 4207 1203 4258 dc
1213 4209 1355 4271 Waltatr'ae,
1368 4214 1406 4274 113

385 4286 396 4315 ⁴
411 4284 498 4349 pedes,
511 4283 548 4344 ῦς
564 4282 661 4348 pedem,
673 4283 703 4333 1..
905 4284 936 4335 dc
955 4285 1088 4345 Watlutia,
1100 4286 1136 4345 Z;
1155 4285 1186 4335 de
1206 4287 1289 4348 Walt,
1303 4290 1332 4338 V.

384 4363 395 4394 ¹
414 4363 536 4427 recipere,
547 4363 584 4421 L,
603 4361 746 4422 adrnittere,
756 4361 785 4412 C.
940 4365 960 4398 ¹⁴
979 4364 1144 4426 acclamatur,
1155 4366 1189 4415 V.

385 4441 395 4471 ⁶
411 4443 482 4499 enim,
494 4440 517 4489 L
527 4462 534 4499 ;
554 4447 642 4499 tomen,
655 4439 684 4491 (1⁸.
938 4442 959 4474 ¹¹
976 4442 1108 4502 redientes,
1120 4441 1148 4492 (¹.

383 4518 393 4555 ⁷
411 4525 514 4578 tantum,
527 4519 548 4569 G
562 4540 568 4578 3
586 4519 620 4579 in,
632 4518 663 4566 L.
938 4519 959 4551 ¹¹
975 4521 1092 4580 seriatim,
1104 4535 1154 4569 om.
1167 4520 1196 4571 C.

382 4597 393 4628 ¹¹
410 4597 612 4649 amaritudinem.
624 4598 659 4657 V,
671 4596 710 4648 0·
939 4599 960 4636 ¹¹
976 4601 1183 4665 importunitates,
1197 4600 1227 4663 0,
1238 4602 1266 4650 Z.

382 4676 393 4707 ⁹
412 4675 562 4738 continuati,
573 4675 604 4727 L.
939 4678 959 4712 ¹⁸
972 4681 1088 4744 primum,
1101 4680 1139 4741 (ἲς
1154 4679 1246 4745 prime,
1257 4679 1287 4730 L.
