3278 5662
364 772 429 834 584
583 812 587 819 -
800 786 981 839 nersronn.
1224 776 1305 860 [sn.
1322 776 1422 843 1220.

362 978 485 1038 sanctes
520 973 677 1039 Romans·
712 974 854 1040 ecclesiae
889 975 1058 1053 cardinali,
1087 998 1193 1062 nuper
1226 977 1423 1063 accepimus,

363 1076 550 1152 intimante,
588 1078 675 1161 quod
719 1078 815 1155 idem,
855 1077 969 1143 volens
1009 1081 1181 1145 ostendere
1226 1081 1263 1144 in
1300 1080 1424 1147 effectu

364 1183 489 1263 quanto
513 1178 698 1244 devotionis
729 1179 859 1245 fervore
893 1180 1051 1267 martyris
1084 1182 1264 1268 supradicti
1296 1204 1422 1248 memo

364 1283 448 1347 riam
480 1287 665 1361 veneretur,
699 1283 958 1348 sacratissimum
990 1305 1106 1370 corpus
1142 1284 1212 1370 ojus
1247 1284 1421 1351 sublevare

365 1384 521 1470 proponit
553 1384 593 1448 do
626 1388 722 1460 terra,
755 1385 930 1471 ipsumque
962 1384 1160 1451 translatum
1196 1386 1423 1452 honorabilius

367 1486 523 1553 collocare
536 1510 544 1565 3
574 1506 648 1550 cum
660 1485 798 1572 dignum
814 1487 878 1551 sibi
894 1493 929 1553 et
943 1487 1122 1553 condecens
1138 1488 1300 1565 videatur,
1316 1489 1423 1566 illum,

368 1592 530 1673 quantum
563 1587 600 1651 in
630 1608 668 1653 eo
698 1592 756 1665 est,
781 1588 927 1654 exaltare
959 1589 996 1652 in
1023 1593 1119 1667 term,
1143 1612 1241 1675 quem
1273 1591 1310 1654 in
1341 1591 1423 1657 caelo

369 1691 532 1756 Dominus
571 1688 741 1755 exaltavit.
815 1689 885 1754 Nos
920 1690 1022 1776 igitur
1056 1691 1148 1775 pium
1187 1697 1221 1755 et
1254 1690 1422 1757 laudabile

368 1791 605 1877 archiepiscopi
639 1792 814 1857 memorati
852 1792 1060 1879 propositum
1095 1799 1312 1878 acceptantes,
1347 1795 1424 1859 uni·

369 1894 560 1960 versitatem
584 1899 728 1959 vestram
760 1894 956 1959 monendam
979 1893 1135 1959 duximus
1158 1899 1193 1958 et
1215 1894 1424 1971 hortandam,

369 2019 427 2083 per
442 1995 621 2082 apostolica
641 1993 734 2058 vobis
756 1995 879 2080 scripta
902 1996 1107 2072 mandantes,
1122 2002 1285 2083 quatenus
1307 2017 1423 2082 paoem

369 2103 520 2163 mutuam
559 2102 593 2162 et
630 2098 835 2163 concordiam
875 2098 910 2162 in
942 2098 1091 2164 caritatis
1122 2099 1255 2164 vinculo
1292 2119 1424 2165 conser-

368 2206 493 2277 vantes,
517 2204 644 2265 vestras
667 2199 882 2265 conscientias
909 2200 1038 2265 cunctis
1068 2199 1342 2286 perversitatibus
1364 2222 1424 2266 ex·

368 2303 477 2390 pictis,
502 2307 536 2367 et
558 2301 606 2367 sic
628 2321 687 2365 vos
710 2299 864 2364 inbonis
895 2301 1055 2366 studeatis
1086 2301 1239 2386 operibus
1262 2322 1424 2379 exercere,

369 2411 408 2471 ut
430 2425 505 2471 cum
536 2402 605 2467 dies
636 2402 740 2487 ipsius
770 2401 989 2467 solemnitatis
1021 2403 1202 2480 advenerit,
1226 2403 1262 2467 in
1284 2424 1423 2470 occursu

368 2506 470 2572 vestri
502 2503 700 2570 sanctissimi
732 2503 889 2587 martyris
922 2508 956 2567 et
983 2505 1122 2587 patroni,
1155 2505 1262 2589 ipsum
1285 2505 1425 2591 possitis

368 2605 620 2674 honorificentia
657 2603 770 2669 debita
809 2604 923 2669 taliter
956 2606 1115 2682 venerari,
1150 2606 1236 2690 quod
1275 2606 1424 2673 doceatis

367 2710 450 2776 alios
480 2729 538 2795 per
561 2705 749 2790 exemplum
782 2710 945 2790 quantum
968 2727 1037 2771 osse
1060 2707 1177 2772 debeat
1200 2706 1336 2773 celebris
1362 2729 1425 2794 per

369 2812 502 2876 diversa
524 2807 640 2872 mundi
663 2806 798 2883 climata
823 2807 957 2891 praefati
985 2808 1140 2893 martyris
1171 2808 1329 2874 memoria
1350 2809 1425 2896 glo-

367 2915 460 2978 riosa
508 2909 597 2976 Data
613 2907 767 2974 Laterani
790 2914 908 2974 octavo
931 2906 1090 2974 kalendas
1113 2908 1294 2990 Februarii,
1309 2911 1424 2996 ponti·

368 3014 485 3082 ficatus
508 3010 613 3078 nostri
635 3029 722 3075 anno
745 3008 853 3074 tertio.

785 3417 1000 3484 DOCCVIII.

424 3586 612 3652 Horonrus
635 3597 723 3647 pres
746 3598 794 3647 sn
816 3582 1024 3649 ernnuu
1048 3598 1202 3651 rnrosnu
1226 3602 1268 3650 nr
1290 3602 1375 3653 cou-

655 3701 800 3750 vnrrmr
823 3683 1133 3751 Clurussrsnsnn.

792 3838 838 3900 (G.
851 3836 905 3889 Fol.
920 3842 989 3900 383.)

196 3966 260 4017 nec.
275 3970 313 4028 1⁸»
411 3970 580 4037 Honorius
611 3990 705 4055 papo,
729 3970 784 4035 bc.
809 3968 1007 4035 dulcissimis
1038 3968 1115 4033 filiis
1145 3969 1246 4053 priori
1277 3975 1312 4035 et
1340 3992 1422 4038 eon·

199 4038 270 4083 nso.
473 4074 480 4087 ,
610 4071 617 4084 ,
744 4071 751 4084 ,
790 4071 796 4084 ,
975 4071 982 4085 ,
1046 4071 1052 4084 ,

366 4080 483 4140 ventm
507 4071 649 4137 ecelesiae
673 4069 799 4137 Chnstr
824 4070 1081 4146 Cantuanensrs,
1103 4068 1244 4134 salutem
1275 4075 1309 4136 et
1338 4093 1420 4159 epo-

366 4175 515 4242 stolicam
539 4172 809 4238 benedictionem.

195 4264 335 4379 Ῑξξξὲωῃ
410 4277 563 4344 Ecclesiae
599 4281 725 4352 vmtrae,
757 4295 856 4360 quam
887 4273 1085 4339 venerabilis
1119 4279 1245 4360 martyr
1275 4274 1420 4343 Th0mas

194 4346 315 4446 <iconion
365 4381 510 4446 reddidit
545 4378 596 4442 sui
630 4378 772 4463 corporis
810 4378 969 4464 sanguine
1004 4378 1198 4453 decoratam,
1229 4376 1323 4442 illum
1356 4400 1419 4446 nos

192 4461 351 4579 mm·
364 4485 458 4549 decet
488 4481 653 4567 impartiri
684 4481 838 4557 favorem,
863 4484 910 4556 ut,
934 4479 1019 4545 sicut
1049 4480 1137 4544 inter
1160 4479 1243 4545 alius
1272 4480 1417 4547 nominis

364 4592 415 4651 est
438 4584 571 4670 majoris
602 4588 637 4646 et
659 4581 767 4658 famae,
794 4582 840 4646 sie
875 4582 966 4668 apud
996 4602 1054 4647 nos
1078 4575 1260 4648 Romanam
1283 4582 1416 4649 effetam

363 4688 531 4754 ecclesiam
556 4685 810 4771 praerogativem
834 4690 967 4771 reparat
988 4684 1106 4771 gretiae
1129 4684 1287 4773 specialis.
1329 4684 1414 4754 cum
