3278 5662
204 822 272 871 nn.
292 806 400 887 1220]
646 819 826 869 rrrsroma.
1196 812 1260 877 583

249 1006 321 1070 Rex
356 1007 502 1081 calescis,
539 1007 691 1073 «lominus
722 1008 924 1092 angelorum,
956 1030 1094 1093 regnum
1127 1010 1259 1097 Angliue
1273 1005 1408 1121 ἓῦὓΰιῑῑξῡ·

204 1110 329 1174 acteris
353 1110 452 1174 altius
479 1111 599 1175 nostris
623 1111 825 1197 temporibus
856 1110 1043 1189 honoravit,
1067 1118 1101 1176 ct
1124 1113 1258 1199 speciali
1272 1082 1371 1189 ἷξῖἶῷκ

203 1211 344 1294 quadam
372 1213 592 1297 praerogativa
615 1213 762 1279 decoris¹
793 1218 925 1299 gentem
949 1214 1124 1301 Anglicam
1156 1217 1257 1303 insig-
1270 1204 1414 1322 {ff‘ffl

202 1311 297 1388 nivit,
322 1313 409 1389 dum,
437 1314 561 1379 mundo
584 1316 691 1399 posito
715 1316 750 1379 in
773 1316 918 1403 maligno
942 1323 977 1381 ct
999 1318 1128 1383 malitia
1151 1310 1346 1403 homi-boob.
1403 1307 1407 1319 ⁸

175 1419 281 1477 'num
307 1421 521 1491 excrescente,
545 1417 653 1480 virum
686 1417 748 1482 sibi
773 1418 892 1481 exinde
921 1419 990 1482 sine
1015 1420 1145 1485 macula
1173 1439 1257 1506 prm·

200 1516 308 1601 elegit,
325 1518 381 1601 qui
404 1536 471 1582 non
489 1517 594 1583 solum
618 1519 653 1582 iu
669 1525 816 1604 tempore
832 1520 1010 1586 iracundia
1033 1522 1256 1590 reconciliatio

200 1620 306 1684 fuctus
333 1626 383 1682 est
414 1626 453 1683 ut
484 1621 641 1697 sacerdos,
668 1643 784 1686 vorum
816 1623 918 1688 etiarn
946 1624 989 1689 ad
1017 1624 1150 1691 «sceleste
1180 1647 1256 1693 con-

199 1719 328 1782 vivium
352 1720 516 1786 invitatus
550 1723 644 1786 illum
672 1744 823 1808 saporare
847 1726 970 1790 meruit
1004 1748 1103 1811 quem
1126 1727 1257 1793 biberat

199 1822 361 1888 Dominus
392 1822 525 1889 calicem
553 1826 722 1910 passionis.
781 1826 826 1890 Et
849 1827 929 1911 quia
952 1828 1111 1894 inventus
1134 1829 1254 1917 dignus

199 1923 278 2002 Deo,
302 1925 473 1990 coronavit
505 1946 580 1990 eum
611 1925 716 2013 gloria
748 1933 782 1992 ct
811 1926 942 2007 honoro,
967 1949 1120 1997 coronam
1152 1932 1256 2017 ipsius

198 2026 301 2112 capiti
332 2047 554 2112 superponens
585 2029 625 2093 <lc
649 2028 758 2114 lapido
786 2031 940 2114 pretioso,
964 2036 1003 2094 ut
1034 2033 1080 2098 sic
1104 2052 1190 2097 unus
1213 2055 1255 2099 cx

198 2130 356 2217 Anglicis,
380 2133 468 2197 inter
500 2130 633 2217 angelos
665 2151 763 2215 super
791 2151 891 2216 opera
922 2150 1083 2197 manuum
1118 2133 1254 2199 Domini

198 2233 408 2313 constitutus,
446 2253 505 2320 pro
544 2234 686 2319 peccatis
732 2233 930 2320 populorum
974 2236 1122 2299 omnium
1161 2236 1254 2304 fieret

197 2333 398 2402 intercessor.
467 2335 589 2401 Cantct
622 2336 725 2421 igitur
756 2355 880 2401 novum
913 2335 1056 2403 Domino
1088 2338 1253 2406 canticum

196 2437 277 2502 felix
298 2437 549 2505 Cantuaricnsis
571 2436 715 2515 ccclesia,
739 2438 832 2523 cujus
856 2455 948 2503 aram
972 2460 1031 2504 suo
1054 2440 1253 2524 purpuravit

194 2540 338 2624 pretioso
361 2541 521 2627 sanguino
548 2544 677 2625 martyr
700 2536 851 2605 Thomas.
913 2539 1108 2619 Quinimmo
1132 2541 1252 2607 civitas

195 2642 267 2727 ipsa
292 2648 365 2708 tota
394 2649 504 2729 potest
537 2646 571 2706 ct
603 2642 702 2705 debet
734 2642 770 2704 in
804 2642 1038 2706 exsultationis
1072 2662 1150 2709 voce
1184 2663 1252 2709 non

193 2744 357 2809 immerito
376 2745 529 2829 jubilare,
545 2764 627 2830 quus,
645 2763 757 2809 cruore
780 2763 872 2808 roseo
896 2744 948 2807 sui
971 2744 1128 2829 martyris
1143 2745 1250 2810 rubri-

193 2854 274 2924 cata,
298 2847 437 2933 pulchra
468 2847 555 2913 facta
587 2851 645 2922 est,
671 2850 713 2910 ut
746 2846 904 2932 apparuit
937 2847 1091 2932 speciosa.
1149 2847 1249 2914 Unde

193 2949 396 3015 diversarum
435 2948 651 3013 multitudine
683 2949 844 3034 gentium,
879 2971 921 3014 ex
956 2950 1045 3014 omni
1076 2950 1143 3016 foro
1176 2972 1249 3036 quae

192 3052 254 3113 sub
288 3051 367 3115 culo
400 3051 615 3127 estuatione,
650 3050 875 3115 celebritatem
908 3040 1010 3135 ipsius
1045 3070 1248 3137 summopere

192 3160 379 3230 venerante,
397 3153 571 3238 quondam,
592 3153 686 3237 quasi
710 3152 797 3217 felici
813 3153 985 3237 praesagio,
1002 3173 1098 3216 suum
1114 3153 1249 3218 videtur

192 3276 259 3320 esse
291 3257 408 3322 sortita
435 3254 631 3320 vocabulum
664 3274 706 3317 cx
737 3260 869 3330 eventu,
900 3275 937 3319 sc
970 3256 996 3317 si
1031 3254 1160 3321 dicatur
1191 3278 1248 3321 cx·

192 3379 298 3442 prosse
324 3356 507 3423 Cantuaria
529 3362 711 3424 cantusare.

235 3459 309 3537 Vos,
334 3461 478 3545 inquam,
502 3461 530 3523 si
555 3460 733 3547 diligenter
755 3459 932 3525 attenditis
961 3459 1051 3526 hunc
1080 3460 1247 3538 honorem,

189 3564 371 3649 gratiarum
395 3563 540 3628 actiones
563 3562 712 3627 assiduas
739 3561 890 3648 largitori
914 3562 1075 3628 bonorum
1099 3564 1246 3630 omnium

190 3665 357 3730 exsolvero
391 3663 528 3745 (lebetis,
559 3664 612 3729 cui
645 3684 714 3740 vos,
738 3685 780 3727 cx
815 3664 972 3749 impensae
1006 3664 1246 3733 benedictionis

188 3766 296 3854 gratia
328 3772 424 3831 terrm
456 3769 586 3841 vestrm,
609 3783 801 3849 cognoscere
833 3766 972 3850 potestis
1004 3765 1177 3845 debitores,
1207 3773 1246 3834 ut

187 3866 441 3956 ingratitudinis
475 3864 610 3930 evitetis
644 3865 775 3941 vitium,
802 3871 836 3931 et
870 3867 1004 3950 possitis
1037 3867 1150 3934 devoti
1183 3868 1244 3933 filii

186 3969 378 4056 nuncupari.
426 3967 472 4032 Et
487 3966 621 4052 quidem
644 3967 734 4031 omni
753 3972 899 4053 tempore
922 3988 1005 4053 puro
1028 3970 1123 4036 corde
1146 3971 1244 4036 bene-

187 4074 293 4139 dicere
339 4091 377 4136 ac
414 4068 575 4134 honorare
613 4066 795 4134 Dominum
833 4068 991 4147 debeatis,
1029 4071 1094 4136 isto
1131 4078 1244 4139 tamen

186 4176 350 4263 praecipuo
372 4192 430 4237 vos
454 4176 585 4258 oportet
608 4174 717 4235 vestes
747 4171 886 4237 induere
911 4171 1087 4257 nuptiales,
1110 4176 1240 4241 etcum

180 4276 390 4364 jocrmditate
424 4274 461 4337 in
495 4272 609 4339 laudes
644 4278 756 4338 vostro
789 4292 959 4359 assurgere
994 4275 1142 4353 creatori,
1165 4297 1241 4343 cum

185 4386 335 4446 venturae
350 4374 543 4442 festivitatis
560 4374 750 4441 solemnitas
766 4375 800 4439 id
816 4381 977 4461 exposcat
1025 4374 1127 4443 Sanc²
1141 4400 1239 4446 vene·

185 4482 282 4548 rabili
297 4482 400 4546 fratre
415 4484 526 4545 nostro
547 4477 717 4565 Stephano
733 4476 965 4544 (lantuarienai
985 4478 1237 4569 archiepiscopo,

217 4737 224 4770 ¹
243 4736 351 4798 ‹leceris,
361 4736 403 4796 V3
422 4750 473 4786 om.
486 4734 516 4795 L,
528 4734 559 4787 G.
681 4732 687 4799 Ι
734 4732 940 4798 ²a,in.·.1.,a;
958 4750 1009 4787 om.
1021 4734 1055 4787 V.
