3278 5662
266 812 331 866 an.
351 794 463 883 lita]
709 812 883 860 errsronn.
1257 794 1321 863 267

265 1010 425 1070 nostrum.
464 1004 557 1067 Alias
580 1004 704 1088 quippe
729 1002 868 1088 legimus
892 1001 980 1087 pacis
1003 1007 1037 1065 ct
1056 1001 1201 1085 justitiae
1225 1021 1316 1064 oscu-

266 1105 355 1171 lum:
396 1106 593 1170 “Justitia''
633 1105 774 1190 (inquit)
812 1108 877 1168 “et
914 1125 980 1189 pax
1020 1103 1175 1167 osculatae
1214 1102 1318 1167 sunt.”

267 1209 407 1272 Utinam
452 1213 574 1281 tamen,
611 1207 713 1291 juxta
757 1205 844 1291 quod
878 1204 1040 1289 propheta
1075 1204 1115 1267 de
1148 1226 1182 1267 se
1213 1208 1319 1288 optat,

267 1332 371 1373 essem
388 1311 441 1373 vir
464 1331 532 1373 nou
555 1308 681 1373 habens
704 1309 911 1392 spiritumet
928 1306 1136 1371 mendacium
1160 1306 1318 1390 loquerer.

269 1412 433 1476 Praeterea
472 1411 630 1495 scriptam
663 1409 790 1473 domini
823 1406 1074 1473 Cantuariensis
1113 1407 1320 1491 petitionem,

266 1514 356 1597 pacis
379 1522 501 1577 nostae
536 1512 676 1575 formam
700 1512 936 1589 continentem,
961 1515 995 1573 ct
1030 1508 1244 1593 prudentium
1268 1530 1320 1570 ar·

269 1614 370 1678 bitrio
393 1615 563 1678 moderate
596 1613 679 1677 satis
711 1618 745 1677 et
777 1613 917 1676 discrete
949 1615 1150 1695 conceptam,
1172 1609 1319 1673 oblatam

268 1716 329 1779 sibi
355 1721 390 1779 et
412 1716 590 1801 perlectam
627 1713 891 1800 primoquidem
914 1712 1092 1777 videbatur
1125 1711 1323 1789 admittere;

268 1817 326 1881 scd
348 1827 472 1903 postea,
497 1823 536 1881 ut
568 1839 638 1880 mos
669 1815 812 1880 hominis
845 1820 904 1893 est,
927 1814 1036 1879 neseio
1068 1812 1189 1897 quibus
1224 1818 1323 1877 utens

269 1918 406 1982 mollitis
429 1918 635 1983 sermonibus
658 1917 792 2002 scriptae
815 1914 989 2001 petitionis
1012 1914 1160 1980 variavit
1189 1918 1322 1977 sentcn-

269 2020 363 2095 tiam,
402 2020 450 2084 ita
485 2026 533 2095 ut,
574 2019 675 2103 juxta
713 2018 803 2103 quod
841 2016 1015 2082 consuevit
1052 2014 1199 2101 perfidia,
1236 2015 1322 2078 nihil

270 2122 402 2197 faciens,
426 2128 537 2186 totum
568 2120 685 2186 fecisse
708 2119 886 2185 videretur.
944 2120 989 2183 Et
1011 2118 1058 2182 sic
1081 2117 1233 2182 frustrati
1257 2117 1324 2180 dis-

270 2224 436 2299 cessimus,
466 2223 553 2286 nihil
592 2228 814 2307 pneterquam
848 2228 977 2287 nostras
1011 2219 1183 2306 angustius
1214 2240 1324 2304 repor-

272 2331 391 2389 tantos.

315 2427 386 2511 Age
410 2448 495 2511 ergo,
519 2425 615 2490 homo
639 2427 712 2503 Dei,
742 2446 824 2511 para
854 2432 897 2503 tc,
921 2425 1136 2510 superborum
1160 2424 1324 2499 baculum,
1338 2433 1476 2511 thearch-

270 2536 487 2611 tyrannorum
511 2527 665 2592 malleum
688 2534 722 2592 et
745 2549 972 2614 oppressorum
995 2527 1152 2603 levamen,
1177 2532 1216 2590 ut
1245 2547 1325 2611 quo·
1338 2498 1493 2619 ξ’ζὲξῃξξῇ

272 2653 345 2694 rum
385 2631 521 2694 sortitus
560 2654 593 2694 es
631 2630 860 2706 ministerium,
893 2630 1042 2694 sortiaris
1080 2636 1114 2693 et
1136 2628 1253 2706 zelum,
1292 2633 1327 2693 et
1340 2640 1366 2681 to
1377 2633 1421 2709 the

272 2731 412 2794 alterum
436 2731 530 2795 nobis
554 2727 791 2794 blattathiam¹
815 2730 972 2795 exhibeas
994 2729 1153 2794 adversus
1168 2730 1326 2794 Antiochi
1341 2699 1426 2749 Cura.

273 2834 465 2920 sacrilegia3
511 2833 617 2919 ignito
655 2833 785 2918 eloquio
825 2839 883 2897 tuo
932 2832 1053 2919 frigida
1100 2832 1327 2898 Israelitarum

273 2936 371 3001 corda
394 2936 578 3011 excitando,
602 2936 741 3001 sollicite
776 2934 975 3021 provideas²
1005 2958 1046 3001 nc
1078 2936 1190 3001 flabris
1222 2936 1327 3021 lepro-

273 3061 382 3103 sorum
406 3039 644 3124 crstinguatur.
691 3039 787 3114 Nam,
810 3039 897 3124 quod
920 3059 1009 3103 nunc
1031 3038 1136 3103 solum
1159 3038 1327 3103 residuum

273 3149 331 3217 est,
355 3142 397 3205 ad
421 3148 454 3206 te
477 3148 556 3206 sunt
586 3141 670 3207 oculi
702 3141 828 3220 nostri;
857 3141 938 3225 quin
970 3140 1082 3226 potius
1117 3147 1189 3206 tota
1211 3142 1328 3229 Angli-

273 3264 355 3308 cana
378 3243 520 3319 ecclesia,
543 3244 637 3328 cujus
668 3249 705 3306 tu
737 3242 844 3308 adhuc
875 3241 1035 3327 parvulus
1066 3242 1186 3307 suxisti
1216 3244 1328 3321 ubera,

273 3345 316 3408 ad
333 3350 365 3408 te
389 3345 534 3430 suspirat
549 3350 583 3408 et
606 3344 730 3409 hostias
746 3350 916 3430 exspectat
938 3344 1107 3428 pacificas3
1133 3366 1222 3411 nunc
1244 3368 1327 3432 pue-

275 3448 389 3511 sertim
430 3470 504 3512 cunr
541 3469 599 3531 per
637 3451 741 3511 temet
778 3447 887 3532 ipsum
926 3446 1092 3511 introieris
1131 3447 1167 3511 in
1205 3455 1326 3514 sancta.

276 3549 372 3627 Quod
406 3550 568 3634 paefatus
604 3548 659 3612 ille
692 3549 885 3635 peregrinus
919 3554 1031 3614 noster
1062 3556 1220 3626 metuens,
1244 3552 1328 3615 miro

276 3651 371 3715 modo
406 3656 635 3716 consternatus
666 3651 803 3735 estqui
838 3673 880 3714 cx
914 3651 983 3716 solo
1017 3657 1085 3717 ture
1118 3652 1329 3738 profectionis

275 3758 374 3828 metu,
407 3753 481 3818 dolo
516 3758 550 3817 et
587 3751 769 3816 calliditate
799 3752 939 3837 quadarn
974 3756 1028 3837 (ut
1055 3754 1125 3840 jam
1160 3754 1329 3842 diximus),

275 3854 498 3919 humilitatem
522 3854 700 3939 praetendit
724 3859 758 3918 ct
780 3854 881 3918 ctiam
905 3855 1114 3940 peregrinum
1137 3856 1330 3937 simulavit3

274 3956 310 4018 in
344 3978 410 4041 qua
440 3954 585 4040 profecto
618 3955 879 4041 peregrinatione
909 3978 951 4021 ex
985 3956 1036 4021 tui
1066 3958 1216 4024 absentia
1239 3981 1330 4025 occa·

276 4058 366 4122 sione
401 4063 544 4143 captata,
568 4058 754 4123 Gallicanos
776 4056 895 4122 fluvios
927 4058 1033 4124 multa
1059 4059 1130 4144 jam
1162 4082 1204 4125 ex
1234 4066 1329 4146 parte

276 4160 408 4225 videtur
444 4160 657 4235 absorbuisse,
688 4160 770 4224 adeo
800 4159 900 4225 etiam
935 4166 974 4224 ut
1005 4160 1160 4227 Jordanis
1191 4163 1261 4248 ipse
1291 4164 1327 4227 in

275 4283 310 4326 os
346 4262 417 4347 ejus
449 4262 579 4328 dicatur
609 4259 787 4336 influxisse,
809 4260 871 4326 hac
903 4266 974 4327 arte
1008 4268 1043 4326 et
1073 4283 1133 4328 nos
1155 4262 1327 4329 absorbere

275 4369 452 4429 attentans.
501 4364 547 4427 Ni
582 4363 685 4440 fallor,
717 4364 780 4428 seit
810 4363 891 4448 qnid
924 4364 1030 4430 dicam
1061 4365 1239 4450 prudentia
1261 4371 1326 4433 tua.

277 4465 374 4530 Unde
397 4487 527 4532 necesse
551 4465 659 4530 estin
693 4464 787 4529 brevi
820 4465 1025 4532 medicinalia
1048 4474 1197 4534 occurrat
1219 4469 1328 4534 virtus

310 4707 316 4736 ¹
336 4703 522 4764 Mardalkium
535 4706 563 4754 P.
794 4702 800 4769 Ι
859 4704 1039 4771 ²provideres,
1049 4706 1079 4755 P.
