3278 5662
346 711 411 775 350
793 729 975 781 nrrsrous.
1199 714 1281 800 [an.
1300 714 1400 786 1170.

343 917 403 982 tris
425 918 599 1004 pugnastis
621 919 665 985 ad
686 918 817 996 bestias,
843 926 877 986 et
900 921 936 985 in
958 922 1031 1007 ipsa
1053 922 1153 999 euris,
1176 923 1234 988 ubi
1250 923 1399 989 validius

342 1024 377 1084 et
399 1021 506 1085 acrius
528 1020 811 1106 expugnabamur,
834 1045 922 1109 saepe
945 1029 980 1088 et
1003 1024 1062 1088 diu
1086 1026 1243 1110 portastis
1265 1026 1399 1111 pondus

342 1122 408 1186 diei
431 1128 466 1187 et
495 1129 604 1200 sestus,
636 1131 672 1189 et
695 1126 841 1204 taudem,
873 1128 953 1213 quia
984 1127 1079 1193 labor
1110 1133 1221 1193 vester
1255 1134 1327 1194 erat
1360 1129 1398 1192 in

342 1223 492 1302 Domino,
507 1226 673 1311 sapienter
695 1233 730 1292 et
752 1227 914 1292 viriliter¹
938 1229 1177 1314 triumphastis.
1226 1230 1399 1296 Sensimus

341 1325 403 1392 hoe
424 1349 530 1413 nuper
564 1329 600 1392 in
631 1330 804 1395 concordia
837 1353 937 1417 quam
972 1332 1132 1397 inivimus
1163 1354 1238 1398 eum
1262 1334 1398 1398 domino

341 1448 415 1512 roge
439 1427 579 1514 Angliae,
602 1429 696 1514 eujus
718 1430 867 1508 formam,
889 1432 918 1496 si
942 1433 1059 1517 placet,
1082 1455 1103 1499 a
1125 1433 1229 1498 latore
1252 1456 1398 1521 praesen·

341 1529 426 1593 tium
464 1530 616 1611 audiatis,
650 1537 684 1597 et
715 1533 901 1617 petitiones
933 1556 1016 1619 quas
1049 1557 1108 1621 per
1146 1558 1221 1600 eum
1260 1536 1396 1600 domino

340 1652 435 1718 papae
467 1633 671 1719 porrigimus,
703 1634 802 1700 solita
832 1635 983 1702 bonitate
1019 1637 1250 1722 promoveatis
1273 1638 1394 1703 habea-

340 1735 448 1821 tisque
471 1734 636 1801 hominem
660 1737 823 1802 attentius
846 1738 1125 1805 commendatum.

759 2152 945 2220 DOXCIV.

372 2301 519 2368 Tsouss
541 2302 825 2371 Ornruuuunsrs
847 2321 1144 2373 securueascorus
1166 2305 1339 2371 Jicmcro
1363 2304 1376 2345 ²

771 2423 972 2474 cnnmusur.

493 2559 540 2622 (A.
553 2563 601 2620 70;
620 2564 650 2612 Ο.
660 2559 685 2609 ii.
698 2564 746 2620 643
764 2559 792 2609 Z.
803 2576 825 2609 v.
840 2564 888 2619 51;
905 2561 971 2623 Lup.
985 2576 1008 2609 v.
1021 2564 1051 2611 51
1064 2582 1071 2622 ;
1089 2559 1181 2610 Thom.
1195 2563 1248 2621 53.)

172 2708 305 2759 Aetnen·
386 2689 422 2754 Si
439 2689 642 2755 laborantem
657 2689 832 2776 agricolam
849 2692 980 2774 oportet
996 2689 1139 2774 primum
1155 2694 1231 2775 post
1247 2688 1402 2754 redditas·

171 2775 321 2841 leuguens.
339 2790 411 2856 Deo
426 2792 592 2879 primitius
608 2791 711 2868 odere,
728 2790 954 2876 justissimum
971 2797 1021 2856 est
1036 2788 1095 2856 et³
1110 2796 1259 2855 vostram
1276 2791 1394 2856 carite-

340 2900 417 2973 tem,
432 2917 507 2981 quae
524 2895 559 2959 in
581 2894 811 2960 sublevatione
827 2899 952 2958 sanetae
975 2893 1227 2959 (lautuariensis
1250 2893 1395 2959 eeclesiae

338 2997 405 3063 fere
423 2997 495 3082 jam
519 2996 687 3083 pereuntis
711 2995 786 3080 plus
809 3000 844 3060 et
859 2994 1011 3059 diutius⁴
1034 2994 1210 3071 laboravit,
1233 3000 1268 3059 et
1293 2995 1395 3079 (quod

339 3100 443 3186 magis
466 3101 531 3182 est)
558 3099 687 3163 fidelius
720 3104 755 3162 et
787 3097 957 3173 efficacius,
988 3097 1110 3162 laboris
1141 3097 1193 3161 sui
1223 3097 1327 3161 abes
1359 3097 1393 3161 in

339 3203 428 3266 omni
451 3201 632 3287 gratiarum
666 3201 795 3266 actione
827 3206 862 3264 et
893 3199 1100 3264 exhibitione
1135 3199 1283 3284 obsequii
1321 3220 1393 3284 per·

337 3306 444 3391 cipere
456 3306 593 3370 fruetus.
626 3303 714 3368 Nam
726 3324 801 3369 eum
816 3302 955 3368 aliorum
972 3302 1151 3368 amicorum
1161 3303 1228 3367 sere
1244 3302 1393 3366 omnium

337 3406 419 3471 fides
442 3411 528 3471 esset
552 3404 734 3481 exinanita,
746 3426 805 3469 vos
829 3403 963 3468 illorum
979 3404 1106 3468 animos
1129 3424 1150 3468 a
1171 3403 1393 3489 pusillanimi·

339 3513 409 3572 tato
447 3506 610 3594 spiritus⁶
648 3506 808 3583 erexistis,
846 3505 1013 3571 solidastis
1051 3527 1168 3570 manus
1207 3505 1393 3580 dissolutas,

337 3631 447 3696 genua
480 3608 603 3674 debilia
634 3608 821 3686 roborastis,
860 3613 894 3673 et
919 3605 1093 3673 attentusG
1127 3607 1261 3672 auditor
1290 3607 1394 3684 verbi,

338 3732 437 3776 verus
454 3709 578 3776 Christi
594 3710 775 3797 discipulus
788 3709 839 3775 et⁷
864 3732 995 3775 consors
1011 3708 1277 3794 apiostoli,haeres
1294 3709 1383 3774 Petri

338 3812 459 3905 fratrea
483 3819 619 3904 vestros,
644 3813 702 3899 qui
724 3813 766 3878 od
790 3812 917 3878 cultum
948 3812 1091 3897 justitias
1121 3817 1156 3876 et
1179 3817 1392 3897 patronatum

338 3915 480 3982 eeclesias
518 3915 731 4002 praeordinati
766 3920 869 3991 eraut,
917 3914 1068 4000 exemplo
1102 3914 1320 3980 confirmastis
1358 3920 1392 3979 et

337 4017 449 4084 verbo.
496 4018 690 4105 Expetierat
713 4017 801 4082 enim
825 4016 991 4083 Sathanas
1014 4015 1182 4083 ecelesiam
1208 4017 1390 4082 Romanam

1069 4169 1380 4182 --———.-...,

371 4249 378 4281 ¹
396 4247 503 4308 utiliter,
514 4249 546 4298 1..
923 4245 933 4276 ⁵
951 4245 1064 4310 spiritus,
1076 4244 1112 4304 A,
1123 4246 1155 4305 V,
1173 4246 1206 4308 Ο,
1223 4245 1260 4304 Z;
1278 4246 1304 4292 iu
1319 4261 1384 4310 spen·

368 4326 528 4387 Hminem,
546 4325 584 4386 V,
604 4323 637 4387 Ο,
654 4324 689 4385 Α,
708 4324 746 4383 Ζς
764 4322 838 4387 Hya·
889 4322 922 4376 L.

336 4407 428 4470 datto,
440 4406 474 4457 L.
922 4403 933 4434 ⁶
950 4409 1069 4463 alternus,
1091 4405 1127 4466 A,
1147 4403 1186 4466 03
1203 4406 1335 4465 attentius,
1355 4404 1381 4453 V

370 4489 381 4522 ³
397 4495 436 4548 ut,
446 4485 480 4536 L.
890 4482 919 4543 Z,
930 4481 961 4532 L.

370 4566 381 4598 ⁴
392 4568 457 4632 jam,
468 4564 518 4615 lus.
529 4563 569 4626 1¹3
587 4576 638 4613 om.
650 4562 687 4625 A,
698 4560 738 4623 05
754 4559 838 4612 interl.
923 4560 934 4599 ἲ
951 4569 984 4626 el,
996 4563 1026 4614 Ζ.
