3278 5662
394 783 459 848 560
780 744 783 749 ⁴
833 796 1015 848 norom.
1255 780 1336 864 [an.
1354 775 1455 848 1173.

392 994 515 1078 possim
538 995 723 1080 relinquere
745 994 929 1081 gloriosam.
976 994 1032 1060 Ad
1063 995 1152 1081 quod
1175 1012 1255 1060 sane
1284 991 1455 1078 oompien-

393 1093 482 1172 dum,
498 1095 578 1181 quio
599 1117 658 1183 per
679 1118 732 1162 me
755 1117 823 1161 non
838 1096 933 1162 valeo
955 1097 1115 1182 temporis
1135 1094 1299 1162 obstantis
1321 1093 1454 1160 malitia

391 1199 572 1281 pervenire,
595 1199 637 1264 ad
661 1198 795 1264 solitum
817 1204 934 1264 vestrae
964 1198 1183 1286 benignitatis
1216 1195 1381 1263 auxilium
1416 1201 1454 1261 et

392 1302 516 1365 sanotae
538 1298 697 1365 Romanae
720 1300 861 1367 ecclesio
885 1298 1076 1386 praesidium
1100 1297 1276 1386 singulare,
1298 1297 1336 1362 in
1358 1296 1452 1363 omni

392 1419 519 1484 semper
556 1400 806 1486 opportunitate
850 1406 1033 1478 convertor,
1073 1399 1151 1487 quia
1196 1420 1256 1466 vos
1293 1402 1451 1486 expertus

395 1521 469 1566 sum
500 1503 537 1566 in
569 1503 659 1568 omni
682 1524 810 1589 semper
841 1503 1004 1619 petitione
1038 1502 1230 1589 propitium,
1253 1507 1290 1566 et
1322 1500 1360 1565 in
1391 1520 1450 1565 ax·

392 1604 580 1688 pugnandia
603 1603 853 1671 difficultatibus
886 1605 967 1671 meis
1001 1604 1135 1690 penitus
1167 1602 1338 1670 effioaoem.
1384 1601 1450 1667 La-

224 1678 381 1806 8111)(’ή111ᾶ1Θ
393 1709 498 1770 torem
521 1726 598 1790 ergo
620 1707 841 1790 praesentium,
863 1706 1060 1793 magistrum
1083 1704 1314 1782 Gialebertnm
1346 1724 1447 1789 quem
1482 1703 1485 1708 '

222 1825 308 1927 reepp
394 1804 476 1868 mihi
486 1805 575 1870 tuml
590 1805 753 1884 honestae,
768 1811 842 1872 tum
857 1807 1002 1885 scientio,
1013 1811 1085 1873 tum
1096 1807 1198 1872 etiam
1211 1805 1302 1872 beati
1311 1804 1449 1872 Thomae

223 1880 298 1995 &0¹¹2
299 1880 373 1994 311
366 1905 644 1994 3Oantuariensis
666 1908 901 1995 archiepiscopi
923 1909 1063 1975 ulterior
1086 1929 1153 1995 qua
1175 1929 1253 1974 eum
1287 1906 1448 1994 compleo-

224 2015 280 2059 mo.
394 2008 527 2073 tebatur
557 2009 664 2094 gratia
697 2010 950 2088 commendavit,
974 2011 1018 2076 ad
1050 2011 1150 2097 pedes
1187 2016 1307 2076 vostra
1338 2008 1448 2094 dirigo

393 2111 590 2188 sanctitatis,
614 2115 653 2176 ut
675 2132 733 2196 per
755 2133 831 2177 eum
854 2111 950 2178 vobis
973 2112 1098 2178 veritas
1129 2112 1197 2197 etj
1201 2111 1316 2177 notitia
1346 2131 1448 2197 nego·

393 2212 515 2277 tiorum
538 2218 726 2278 nostrorum
748 2212 876 2299 plenius
901 2213 1095 2290 innoteseat,
1117 2217 1153 2278 et
1175 2212 1322 2299 epistolae
1337 2211 1448 2277 brevi-

392 2317 497 2379 tatem
520 2313 721 2380 commodius
744 2335 849 2380 sermo
873 2315 970 2379 vivus
977 2312 1177 2381 ²inotauret
1224 2314 1317 2401 Rogo
1332 2313 1448 2398 itaque

391 2421 431 2480 ut
465 2415 573 2501 ipsum
596 2415 726 2482 bonitas
747 2420 861 2482 vestra
883 2436 922 2482 ee
954 2437 1021 2502 quo
1054 2420 1164 2482 meet
1195 2436 1284 2482 meos
1318 2435 1447 2500 semper

391 2518 608 2583 oonaueviotie
630 2518 837 2604 benignitate
859 2518 1025 2604 suscipiat,
1048 2524 1083 2585 et
1104 2517 1322 2587 diuturnitati
1345 2536 1446 2602 nego-

391 2619 514 2685 tiorum
537 2623 724 2686 nostrorum
746 2620 846 2686 finem
868 2620 990 2688 ouretis
1012 2620 1188 2706 imponere,
1211 2639 1310 2705 super
1323 2617 1447 2704 quibua

391 2721 529 2787 avobia
551 2721 683 2807 primos,
699 2721 866 2799 secundos,
890 2726 924 2789 ot
946 2722 1064 2787 tertios
1082 2721 1211 2807 judiees
1229 2720 1302 2805 jam
1316 2718 1448 2804 oooepi;

391 2822 449 2888 sed
471 2827 542 2888 tam
563 2843 638 2908 spes
660 2842 734 2888 mea
756 2843 855 2908 quom
878 2843 991 2888 eorum
1013 2821 1158 2909 eognitio
1180 2820 1294 2889 multis
1316 2819 1447 2888 artibus

389 2928 441 2989 eat
462 2922 563 3001 elusa,
585 2945 628 2989 ne
651 2944 779 3009 possem
802 2943 906 3008 usque
928 2924 972 2990 ad
1003 2923 1211 2990 audientiam
1233 2921 1336 2988 etiam
1369 2941 1444 3008 por-

389 3025 511 3090 venire.
558 3025 622 3090 Hie
662 3030 774 3092 autem
813 3025 872 3109 qui
909 3046 952 3089 ex
997 3029 1092 3110 parte
1129 3044 1203 3092 mea
1239 3022 1335 3089 vobis
1380 3021 1445 3091 iate

389 3127 521 3205 dixerit,
544 3127 644 3192 fidem
666 3126 891 3192 indubitatam
919 3127 1040 3192 habere
1074 3126 1237 3213 potentia,
1260 3125 1340 3211 quio
1373 3143 1443 3192 soo-

389 3228 491 3316 rilego
524 3229 631 3314 majus
666 3232 717 3293 est
748 3231 914 3295 attentare
948 3228 1050 3295 etiam
1085 3232 1228 3295 vestrum
1260 3227 1297 3293 in
1329 3225 1444 3313 aliquo

390 3330 503 3397 fallere
525 3330 745 3397 sanctitatem.

423 3563 432 3596 ¹
450 3571 508 3625 tum,
519 3562 539 3615 J
547 3580 555 3625 ς
572 3577 635 3623 eurr,
648 3561 680 3614 G.
904 3561 910 3629 Ι
968 3560 980 3594 ²
996 3560 1107 3626 divuad
1117 3583 1125 3625 ς
1144 3562 1228 3625 untur,
1240 3561 1272 3617 G.
