3278 5662
358 772 424 834 494
799 782 976 833 ammons.
1217 767 1296 850 [an.
1316 765 1416 834 1171.

357 967 538 1032 novissima
559 966 741 1031 senectutis
764 987 833 1030 suae
856 963 920 1029 in¹
945 987 1085 1030 moerore
1107 965 1208 1030 faciat
1231 972 1265 1029 ct
1288 969 1413 1033 amari·

357 1068 474 1134 tudine
490 1065 736 1134 consummare.²
777 1066 927 1131 Profecto
943 1087 1053 1151 preces
1075 1067 1169 1131 nulla
1190 1088 1250 1132 nos
1272 1069 1415 1134 audacia

358 1170 568 1256 compulisset
590 1169 713 1247 offerre,
737 1169 800 1232 nisi
822 1168 1004 1234 secundum
1034 1190 1143 1233 rorum
1166 1170 1344 1235 veritatem
1376 1176 1415 1237 et

358 1294 504 1357 personae
526 1272 681 1337 meritum
705 1272 814 1356 ipsum
829 1270 1010 1356 apostolica
1026 1271 1165 1356 dignum
1184 1273 1414 1338 misericordia

359 1374 573 1439 crederemus.

806 1722 966 1790 DOGLX.

383 1887 577 1952 Annuurus
600 1885 838 1951 mxovmssrs
862 1903 1048 1951 anscerus
1070 1903 1118 1950 sn
1141 1887 1309 1952 Joarsau
1334 1903 1377 1951 nr

653 1987 878 2052 Wmnaanmr
902 2003 1129 2059 cssnmmms.

740 2145 858 2209 (Amat,
871 2147 918 2209 ⁵73
937 2147 962 2197 J.
975 2149 1030 2209 46.)

194 2323 228 2374 1n
239 2321 326 2372 achan
407 2289 480 2370 Qua
501 2288 576 2366 fide,
599 2308 664 2374 quo
688 2288 809 2365 studio,
833 2310 898 2374 quo
933 2287 1052 2354 affectu
1084 2288 1170 2355 circa
1201 2289 1300 2354 initia
1328 2292 1417 2355 tem·

194 2388 350 2440 orthearch-
314 2392 499 2505 ·postatis
545 2391 641 2456 istius
686 2390 729 2454 ad
777 2390 942 2454 unitatem
989 2389 1132 2455 ecclesiae
1177 2396 1212 2455 et
1256 2390 1418 2456 honorem

193 2455 286 2519 bishop
298 2457 326 2506 of

195 2471 286 2571 Yorlcp

361 2494 502 2559 Romani
546 2492 713 2609 pontificis
761 2491 913 2557 dominus
961 2491 1175 2557 Eboracensis
1224 2492 1418 2571 intenderit,

361 2602 479 2674 vestra,
506 2596 630 2682 quiex
666 2615 788 2679 magna
821 2598 915 2679 parte
938 2593 1078 2658 audistis
1101 2599 1135 2658 et
1165 2595 1306 2671 vidistis,
1336 2617 1418 2681 pru·

361 2699 476 2764 dentis
506 2719 574 2762 non
608 2698 749 2783 ignorat.
806 2695 931 2759 Meruit
953 2696 1163 2762 excedentem
1192 2698 1336 2783 gratiam
1359 2720 1420 2762 ex-

361 2800 481 2865 cedens
504 2799 631 2863 strenui
662 2796 915 2884 propugnatoris
939 2796 1085 2875 audacia,
1109 2798 1239 2884 sibique
1271 2798 1418 2865 invicem

363 2901 590 2987 frequentibus
622 2898 736 2964 officiis
770 2902 840 2963 tarn
874 2918 1010 2983 operum
1040 2899 1285 2985 magnificentia
1313 2921 1417 2986 quam

368 3024 478 3068 rerum
517 3001 747 3066 munificentia
785 3004 1031 3065 concurrerunt.
1087 3000 1309 3066 Praesumebat
1347 3023 1418 3066 non

363 3104 554 3169 defuturam
577 3103 720 3188 gratiam
751 3102 1007 3187 perseverantiae
1037 3102 1239 3180 meritorum,
1261 3103 1319 3168 sed
1340 3102 1416 3188 jam

363 3207 515 3292 pristina,
553 3203 840 3290 perseverantibus
863 3202 1000 3279 meritis,
1023 3204 1131 3288 gratia
1164 3226 1230 3270 non
1264 3204 1440 3291 refulgety>

364 3330 479 3373 vorum
502 3308 539 3370 in
561 3327 695 3392 poenam
718 3326 847 3392 quoque
870 3325 1026 3370 conversa
1049 3311 1098 3372 est
1114 3307 1259 3392 ipsorum
1282 3328 1417 3393 exspec-

364 3412 448 3476 tatio
482 3409 699 3494 praemiorum.
746 3406 939 3472 Perseverat
973 3413 1084 3472 tamen
1118 3431 1252 3495 semper,
1284 3415 1319 3475 et
1341 3409 1418 3475 aliis

363 3510 607 3596 tepescentibus
641 3508 745 3592 ipsius
778 3507 913 3572 devotio
948 3529 1017 3572 non
1041 3511 1188 3594 tepescit,
1220 3511 1299 3595 quia
1321 3511 1417 3576 videt

364 3619 470 3678 totam
492 3611 639 3676 nondum
654 3609 879 3695 conquievisse
902 3611 1070 3689 malitiam,
1087 3616 1121 3676 et
1142 3612 1186 3677 ab
1207 3611 1259 3677 his
1274 3634 1418 3698 quorum

366 3715 447 3777 fides
470 3712 690 3778 invictissima
713 3711 909 3777 credebatur
926 3713 1066 3797 profana
1089 3713 1232 3792 consilia,
1255 3717 1418 3800 percussis

365 3815 467 3880 etiam
483 3814 671 3890 foederibus,
694 3814 821 3900 agitari.
862 3813 1004 3879 Utinam
1027 3816 1070 3881 ad
1093 3816 1249 3880 notitiam
1272 3815 1417 3883 Romani

366 3915 531 4002 pontificis
569 3923 604 3980 et
641 3921 786 3981 vestram
835 3916 995 3981 relatione
1032 3917 1181 3982 veridica
1218 3920 1417 4003 perveniret,

367 4024 531 4104 quantum
577 4018 709 4083 noviter
747 4018 837 4102 apud
883 4018 1066 4104 principem
1111 4025 1269 4095 nostrum,
1307 4041 1417 4106 regem

366 4118 507 4208 loquor³
532 4120 726 4207 Anglorum,
741 4118 896 4184 catholici
919 4120 1095 4185 sacerdotis
1117 4120 1282 4186 industria
1303 4128 1418 4189 sanctu

366 4224 514 4312 profecit,
538 4246 612 4289 cum
635 4245 710 4288 eum
734 4221 858 4287 scilicet
888 4222 932 4286 ad
953 4223 1094 4288 schisma
1117 4225 1253 4289 maximi
1287 4247 1417 4311 quoque

366 4329 555 4415 principum
577 4326 771 4400 invitarent,
794 4323 967 4409 ipsumque
990 4329 1099 4390 metus
1120 4327 1308 4393 severitatis
1323 4349 1418 4413 apos·

365 4431 476 4496 tolioee
499 4432 702 4514 perterreret.

398 4628 406 4661 ¹
424 4645 475 4680 om.
488 4631 517 4678 B.
946 4628 957 4661 ³
974 4625 1070 4691 loquor,
1081 4629 1100 4679 J
1109 4651 1116 4689 ς
1134 4643 1184 4679 om.
1197 4630 1229 4680 G.

398 4707 409 4740 ²
427 4706 600 4768 coruummarr',
611 4707 642 4757 B.
