3278 5662
193 2995 332 3044 Announc·

193 3062 237 3128 ing
249 3062 292 3112 the

193 3129 340 3180 reconcilia·

193 3193 255 3244 tion.

369 737 436 801 344
806 745 983 795 rersrona
1223 735 1305 819 [an.
1322 741 1423 804 uro.

414 941 534 1006 Sciatis
556 940 644 1026 quod
667 940 808 1004 concessi
832 960 944 1024 pacem
967 960 1074 1003 meam
1090 941 1244 1005 omnibus
1266 944 1325 1027 qui
1349 945 1423 1008 exi·

368 1050 466 1106 erunt
488 1042 528 1107 de
546 1041 668 1128 Anglia
690 1048 824 1128 propter
837 1041 997 1106 Thomam
1013 1041 1287 1108 cantuariensem
1311 1045 1423 1111 arehi-

368 1143 556 1229 episcopum
567 1168 575 1222 ;
586 1152 621 1209 et
635 1166 747 1208 ornnes
763 1166 813 1207 res
828 1144 1013 1226 suassieut
1026 1166 1082 1208 aas
1096 1145 1214 1209 melius
1228 1145 1424 1212 habuerrmt

368 1247 500 1331 quando
522 1246 636 1311 eadem
660 1266 758 1311 eausa
787 1246 942 1310 exierunt
964 1245 1005 1309 de
1029 1245 1170 1331 Anglia;
1193 1253 1228 1311 et
1258 1248 1422 1315 beneficia

367 1369 441 1432 quae
465 1347 552 1412 idern
584 1347 846 1433 archiepiscopus
880 1348 928 1411 eis
959 1355 1076 1432 postea
1108 1347 1260 1413 contulit.
1307 1350 1421 1430 Quare

368 1470 421 1513 eos
445 1470 556 1514 secure
579 1448 692 1512 venire
714 1449 853 1528 faciatis,
876 1453 911 1512 et
933 1470 984 1513 res
1007 1470 1084 1514 suas
1107 1449 1253 1515 habeant
1276 1451 1359 1517 bene
1383 1461 1419 1518 et

367 1552 403 1615 in
426 1572 514 1637 paee,
536 1550 631 1615 salva
652 1549 813 1615 fidelitate
836 1572 910 1615 mea
932 1572 1032 1636 quam
1055 1551 1138 1615 mihi
1162 1551 1292 1619 sacient

411 1654 565 1720 Testibus
577 1654 768 1738 Gaufrlido]
784 1653 1040 1739 arehid[iaeono]
1052 1653 1324 1741 Cant[uariensi],
1340 1658 1418 1723 Rie·
1480 1664 1486 1673 '

367 1758 475 1843 [ardo]
498 1757 756 1841 arehid[iaeono]
780 1755 1009 1842 PicqavensiJ,
1043 1756 1212 1842 Rie[anl0]
1244 1758 1284 1822 de
1308 1759 1417 1823 Hum-

366 1860 452 1946 [eth]
491 1858 740 1935 constabulario,
779 1857 921 1924 Ricardo
951 1859 992 1923 de
1032 1858 1121 1934 Luci,
1156 1856 1340 1946 Reginaldo
1374 1862 1417 1927 de

366 1960 535 2038 Curtenai,
558 1960 648 2047 apud
672 1960 776 2027 Cloec.

698 2236 1055 2246 ψ..-

743 2424 1028 2490 DCLXXXVIII.

373 2582 519 2646 Taouas
543 2581 827 2648 cirrummrsrs
849 2596 1145 2645 ancnmrrscorns
1172 2599 1221 2645 an
1244 2583 1402 2648 Wratua·

583 2699 663 2748 non
687 2682 948 2747 Nonwreassnu
972 2694 1188 2749 episcorum·

792 2834 897 2896 (tuom.
912 2838 982 2893 1⁴3.)

406 2968 539 3034 Gratias
560 2967 690 3053 agimus
713 2964 857 3029 Domino
880 2964 960 3029 Jesu
985 2962 1127 3040 Christo,
1152 2966 1209 3050 qui
1240 2987 1412 3052 nunquam

361 3077 530 3159 sperantes
562 3071 598 3133 in
628 3092 663 3134 se
686 3067 815 3144 deserit,
839 3066 897 3132 sed
920 3065 1025 3131 solitae
1049 3088 1117 3132 sure
1147 3067 1282 3152 pietatis
1304 3071 1414 3154 gratia

360 3172 614 3239 misericorditer
644 3171 802 3255 dignatur
824 3168 968 3244 visitare,
992 3174 1027 3232 et
1049 3191 1069 3232 a
1093 3169 1299 3233 miseriarum
1326 3171 1412 3236 cala·

360 3275 534 3340 mitatibus
557 3272 681 3358 poterit
703 3271 835 3356 eripere.
896 3271 977 3333 Inde
1000 3270 1161 3355 siquidem
1186 3273 1346 3357 estquod
1370 3273 1413 3338 ad

360 3385 505 3443 vestram
524 3375 675 3460 cupimus
699 3373 871 3458 pervenire
894 3372 1058 3448 notitiam,
1080 3394 1149 3448 nos,
1172 3372 1208 3436 in
1231 3373 1284 3438 dic
1308 3373 1413 3440 boalae

362 3480 476 3544 Mariae
501 3476 704 3563 Magdalenae
728 3497 802 3541 cum
827 3476 958 3539 domino
982 3480 1093 3540 nostro
1117 3475 1270 3552 HenricO,
1291 3475 1412 3542 illustri

361 3580 545 3667 Anglonrm
581 3599 664 3664 rege,
687 3576 730 3641 ad
761 3575 916 3641 honorem
943 3574 1004 3640 Dei
1037 3582 1071 3640 et
1094 3576 1237 3641 ecelesiae
1268 3598 1346 3652 suae,
1368 3579 1412 3642 ad

361 3684 516 3749 honorem
541 3680 627 3766 regis
650 3680 775 3766 pariter
797 3701 835 3744 ae
856 3683 1016 3752 nostrum,
1033 3676 1204 3743 honestam
1228 3700 1267 3744 ac
1289 3678 1411 3744 bonam

361 3807 472 3874 paoem
497 3785 617 3849 fecisse.
664 3783 760 3862 Quod
784 3781 917 3868 quidem
941 3781 1035 3845 vohis
1058 3780 1313 3866 designavimus,
1332 3803 1411 3866 qun-

360 3898 458 3956 tenus
479 3887 519 3952 de
535 3907 613 3973 pace
636 3890 750 3950 nostra
772 3885 860 3950 facta
882 3882 1137 3948 consolationem
1160 3903 1227 3947 nou
1249 3883 1410 3948 modicam

359 3990 518 4066 habentis,
543 3995 577 4054 et
599 3989 639 4053 de
663 3987 771 4053 reditu
800 3992 912 4051 nostro
939 3984 1236 4071 impraesentiarum
1268 3985 1412 4070 gaudere

359 4093 499 4182 possitis.
561 4090 708 4156 Valeatis
739 4087 855 4153 diuet
881 4109 1018 4172 semper,
1042 4108 1139 4172 quem
1164 4085 1301 4150 videant
1324 4088 1410 4152 oculi

360 4198 465 4265 nostri
488 4196 680 4283 priusquam
705 4191 891 4255 moriamur.

982 4343 1135 4351 .--——--

392 4424 480 4476 ⁴Tnis
501 4424 573 4473 letter
592 4420 614 4470 la
637 4420 712 4468 taken
731 4418 798 4468 irem
816 4418 863 4467 Dr.
888 4417 968 4477 Giles,
997 4417 1054 4465 who
1083 4415 1154 4477 rives
1178 4431 1210 4466 no
1235 4415 1364 4466 numme
1385 4426 1411 4469 ω

359 4503 514 4567 manuscript
527 4497 654 4562 authority
666 4497 706 4546 lor
717 4495 746 4545 it.

729 4716 859 4724 ----..-
868 4718 887 4723 -
918 4716 957 4723 .---
970 4716 990 4723 -ι
