3278 5662
312 757 377 820 412
753 770 933 822 rrrsrotn.
1168 757 1247 842 [an.
1266 756 1362 828 1170.

313 963 381 1024 tate
419 959 552 1026 fuerant
589 959 749 1036 innodati,
783 980 851 1025 non
888 959 954 1026 nisi
988 961 1139 1046 praestito
1172 961 1364 1047 juramento

312 1061 440 1127 absolvi
462 1066 650 1148 potuerunt.
697 1060 794 1142 Quod
816 1061 845 1127 si
868 1062 1087 1129 necessarium
1110 1062 1177 1128 fuit
1200 1063 1243 1128 ad
1264 1062 1364 1127 unius

313 1162 456 1249 episcopi
483 1163 680 1228 sententiam
705 1162 959 1242 dissolvendam,
983 1185 1057 1250 quae
1079 1164 1176 1251 longe
1199 1169 1251 1229 cst
1273 1163 1365 1228 infir-

312 1264 416 1329 mior¹
444 1263 553 1331 edicto
585 1264 706 1329 summi
738 1264 913 1350 pontificis,
937 1265 1009 1331 luce
1041 1265 1160 1332 clarius
1194 1272 1245 1331 est
1277 1265 1365 1350 quod

312 1367 478 1432 sententia
507 1366 687 1453 apostolica
717 1367 787 1432 sine
819 1388 865 1445 eo,
889 1367 1071 1453 praesertim
1095 1387 1116 1431 a
1140 1367 1254 1453 judice
1279 1365 1365 1430 infe-

313 1469 401 1546 riori,
425 1468 510 1534 solvi
532 1489 600 1533 non
622 1467 730 1533 debet.
791 1468 844 1532 Ad
868 1467 1060 1554 hujusmodi
1083 1473 1117 1533 et
1139 1468 1263 1534 similes
1285 1466 1365 1533 alle·

312 1572 462 1658 gationes
485 1570 628 1658 episcopi
652 1571 734 1635 moti
757 1575 845 1647 sunt,
868 1576 910 1647 et,
926 1571 1013 1637 sicut
1035 1592 1095 1657 pro
1111 1576 1200 1638 certo
1222 1569 1364 1636 relatum

313 1679 373 1755 est,
396 1675 439 1740 ad
462 1674 671 1741 clementiam
697 1671 934 1760 archiepiscopi
965 1673 1198 1760 confugissent,
1221 1673 1287 1738 nisi
1309 1694 1365 1738 eos

313 1798 398 1861 sape
420 1776 611 1842 nominatus
642 1774 856 1841 Eboracensis
888 1775 1082 1853 seduxisset,
1107 1776 1300 1841 dissuadens
1323 1796 1365 1839 ne

296 1879 392 1964 ‘quid
417 1900 492 1964 rege
515 1877 660 1943 facerent
690 1876 887 1955 inconsulto,
909 1898 1008 1963 quern
1038 1882 1217 1963 patronum
1240 1877 1365 1943 habue-

313 1985 391 2046 rant
413 1979 449 2044 in
472 1978 624 2044 omnibus
647 1978 802 2064 operibus
825 1979 902 2046 suis.

143 2101 273 2166 unesego
358 2081 430 2146 Illis
446 2081 558 2166 itaque
581 2101 656 2148 cum
679 2080 908 2166 indignatione
931 2082 1186 2168 properantibus
1201 2080 1244 2145 nd
1260 2081 1366 2146 domi·

144 2167 301 2285 {22²3thss
313 2205 394 2248 num
417 2204 536 2270 regem,
570 2180 707 2247 noster²
737 2181 1002 2270 archiepiscopus
1033 2183 1075 2249 ad
1107 2204 1232 2249 novum
1256 2206 1365 2271 regem

144 2302 247 2364 mmdy.
313 2289 378 2354 iter
414 2287 563 2374 arripuit.
610 2285 695 2351 Cum
727 2308 806 2352 vero
838 2287 1027 2352 Londonias
1059 2288 1273 2374 pervenisset,
1311 2289 1366 2353 dc-

144 2365 284 2496 ffiffi'
313 2390 486 2457 nuntiavit
509 2390 540 2454 ci
562 2410 622 2454 rex
642 2389 759 2475 junior
780 2410 822 2454 ne
845 2388 1107 2476 progrederetur,
1129 2411 1190 2456 neo
1212 2391 1367 2456 civitates

144 2499 277 2550 forbidden
313 2494 384 2580 ejus
407 2498 466 2560 aut
498 2493 634 2559 castolla
667 2493 817 2570 intraret,
840 2491 898 2557 sed
930 2492 1091 2578 reciperet
1123 2516 1157 2559 se
1190 2516 1266 2560 cunr
1297 2495 1366 2559 suis

144 2564 322 2616 torisitthe.
504 2597 511 2612 ·
727 2595 734 2610 ·
1007 2596 1014 2610 .
1188 2597 1195 2611 .

144 2646 259 2698 younger
312 2599 401 2664 1nfra
423 2597 588 2663 ambrtum
620 2595 766 2662 ecclesiae
789 2616 857 2660 suae
869 2620 877 2674 ;
907 2600 943 2661 et
964 2617 1034 2660 suis
1056 2596 1293 2662 denuntiatum
1316 2603 1367 2663 est

145 2699 243 2765 fleury.
313 2722 355 2765 ne
389 2698 483 2786 regni
519 2698 602 2763 fines
634 2702 765 2773 exeant,
798 2693 882 2762 nec³
911 2697 1074 2782 prodeant
1105 2698 1142 2762 in
1175 2698 1368 2783 publicum

144 2811 287 2864 nislifeat
313 2801 380 2880 sed,
396 2801 483 2867 sicut
505 2820 539 2864 se
562 2800 672 2885 ipsos⁴
696 2798 850 2884 diligunt,
867 2803 1008 2863 caveant
1023 2799 1095 2864 sibi.
1142 2798 1217 2880 Qua
1239 2800 1366 2865 denun-

144 2878 250 3011 ξζξὲθῑ·
314 2903 454 2968 tiatione
476 2902 654 2989 publicata,
678 2922 712 2965 se
745 2906 779 2965 et
802 2921 877 2964 suos
901 2899 1091 2966 cantuariae
1114 2903 1239 2987 recepit
1260 2902 1367 2970 archi-

315 3007 495 3092 episcopus,
519 3004 632 3091 ibique
666 3005 811 3069 salutare
843 3002 907 3068 Dei
939 3024 1014 3069 curu
1047 3004 1155 3070 multo
1178 3004 1366 3071 discrimine

313 3109 561 3196 praestolamur3
593 3128 699 3192 neque
722 3107 816 3171 nobis
839 3106 895 3170 via
917 3105 1149 3172 consolationis
1172 3112 1231 3172 aut
1246 3108 1366 3172 securi-

312 3214 393 3278 tatis
416 3212 483 3278 alia
505 3216 607 3297 patet,
630 3231 731 3296 quam
754 3214 793 3272 ut
815 3207 935 3272 vestris
951 3212 986 3273 et
1000 3213 1188 3274 sanctorum
1211 3210 1368 3274 orationi-

313 3313 375 3378 bus
398 3313 578 3378 eradamus
602 3309 740 3375 insidias
756 3329 868 3373 eorum
891 3308 950 3394 qui
982 3308 1149 3374 ecclesiae⁶
1171 3311 1367 3395 sanguinem

313 3415 434 3480 sitiunt
471 3419 506 3478 et
543 3416 708 3498 quaerunt,
730 3415 770 3474 ut
801 3410 841 3474 de
879 3415 968 3474 terra
1005 3410 1139 3495 penitus
1176 3411 1368 3491 avellamur,

314 3523 374 3583 aut
394 3514 531 3582 celerius
554 3533 726 3599 pereamus
749 3511 783 3575 in
808 3512 887 3597 ipsa
934 3511 1026 3577 Licet
1048 3517 1160 3577 autem
1184 3515 1367 3599 persecutio

314 3618 512 3708 gravissima
535 3617 588 3693 sit,
611 3620 645 3680 et
668 3615 712 3680 ad
743 3614 1025 3700 archiepiscopum
1048 3636 1143 3680 rarus
1166 3616 1207 3681 de
1230 3639 1367 3682 numero

313 3723 457 3787 divitum
474 3717 550 3784 vel⁰
572 3717 807 3782 honoratorum
824 3716 978 3781 visitator
1001 3717 1144 3793 accedat,
1160 3718 1229 3803 ipse
1255 3723 1367 3784 tamen

312 3823 440 3891 cunctis
477 3822 520 3887 ad
558 3841 592 3884 se
629 3817 841 3884 venientibus
890 3817 1072 3903 pontificali
1110 3820 1276 3904 gravitate
1310 3820 1367 3905 jus

208 3949 213 3954 ·
313 3924 433 4002 reddit,
465 3918 625 3987 diducta⁷
669 3940 802 4006 prorsus
840 3919 1032 4004 acceptione
1077 3941 1292 4005 personarum
1329 3943 1368 3986 ac

144 4032 198 4082 The
312 4046 496 4091 munerum.
527 4021 644 4086 Frater
659 4041 752 4085 meus
768 4020 811 4084 ud
827 4018 1000 4085 vestrum⁸
1023 4019 1253 4099 Exoniensem,
1269 4045 1367 4108 quem

141 4099 285 4217 ffiss„
313 4128 396 4193 mihi
433 4124 582 4192 nondum
619 4122 716 4189 licuit
762 4121 907 4198 visitare,
955 4122 1123 4207 profectus
1161 4122 1258 4187 lateri
1296 4124 1367 4208 ejus

141 4230 245 4284 Exeter.
314 4273 877 4291 -..—.--—---———
1119 4273 1233 4281 4,-
1247 4275 1354 4281 -ss

345 4355 353 4388 ¹
371 4354 501 4418 infirmior,
513 4352 545 4412 0,
558 4351 598 4411 G;
617 4350 733 4416 inferior,
744 4349 775 4398 L.
896 4345 906 4377 ⁶
923 4355 957 4407 ct,
969 4346 1003 4397 L.

344 4432 355 4466 ¹
370 4440 456 4483 noster
474 4467 480 4480 .
498 4468 505 4481 .
524 4467 530 4480 .
547 4430 672 4494 arripuit,
684 4443 735 4478 om.
747 4427 778 4478 0.
896 4424 907 4464 ⁷
924 4425 1038 4485 diducta,
1051 4427 1085 4487 Ο,
1096 4428 1130 4487 V,
1143 4428 1178 4488 Z,
1194 4427 1312 4487 deducta,
1326 4427 1347 4477 L
1359 4449 1366 4486 3

343 4510 355 4545 ⁸
371 4527 410 4571 nr,
423 4512 452 4571 Z,
464 4511 503 4570 L,
521 4524 572 4570 noc,
585 4508 618 4559 G.
862 4505 977 4565 reducta,
990 4507 1023 4558 G.

343 4591 354 4622 ⁴
372 4591 447 4654 ipsos,
458 4603 507 4638 om.
517 4586 549 4637 O.
897 4583 908 4616 ⁸
925 4590 1041 4645 vestrum,
1053 4585 1086 4643 0,
1098 4585 1133 4643 Z;
1151 4591 1271 4645 nostum,
1283 4585 1314 4638 Ia.
1326 4586 1357 4634 G.

343 4668 354 4700 ⁶
371 4665 489 4725 ecclesia,
502 4665 537 4725 Z;
555 4672 705 4725 nostrorum,
716 4662 748 4725 L,
758 4660 789 4714 (³.
