3278 5662
345 752 410 815 254
785 763 963 817 urrsrutn.
1202 751 1283 836 [ao.
1300 750 1398 817 1170.

344 953 432 1016 ensis
455 953 596 1019 ecclesia
628 953 800 1020 minister¹
826 954 969 1033 humilis,
993 953 1112 1021 miser²
1142 975 1181 1021 ae
1202 951 1398 1019 miserabilis

344 1054 447 1132 exsul,
471 1055 590 1121 debitae
612 1056 826 1142 subjectionis
848 1057 1053 1134 famulatum,
1076 1061 1112 1123 et
1133 1079 1193 1143 per
1224 1055 1336 1121 omnia
1357 1055 1398 1120 de

346 1158 519 1242 praecipuis
541 1159 684 1224 eeclesia
708 1160 851 1226 inimicis
873 1160 1084 1247 triumphare.

178 1250 314 1364 {lgffil‘l'g
389 1258 524 1324 Celebre
549 1262 760 1347 proverbium
791 1268 861 1327 est:
888 1262 1015 1343 “Quod
1038 1262 1155 1327 redimi
1182 1267 1300 1347 potest,
1326 1259 1397 1325 sive

176 1333 322 1445 ippcintel.
345 1368 361 1396 “
384 1364 541 1448 temporis
556 1364 772 1449 productione
787 1365 857 1430 sive
873 1365 964 1441 alias,
980 1386 1046 1430 non
1071 1364 1233 1429 timetur.”
1280 1361 1341 1426 Est
1362 1367 1398 1426 et

345 1465 435 1530 uliud
459 1467 580 1552 quippe
605 1466 783 1532 celebrius:
808 1468 980 1533 “Facilius
1003 1473 1054 1533 est
1076 1468 1182 1532 vitare
1216 1465 1397 1532 discordem

345 1576 361 1601 “
385 1589 483 1652 quam
507 1568 669 1633 declinare
692 1567 868 1634 fallacem.”
915 1570 997 1634 Inde
1021 1575 1081 1646 cst,
1104 1569 1192 1655 quod
1208 1567 1396 1634 eelsitudini

343 1675 462 1734 vestrae
485 1670 692 1735 notificamus
716 1671 859 1755 qualiter
882 1671 1035 1736 dominus
1058 1677 1170 1736 noster
1192 1693 1251 1735 rex
1266 1669 1397 1756 anglie

343 1770 482 1836 fallaciis
505 1777 539 1836 et
561 1772 652 1836 falsis
675 1773 947 1859 promissionibus
970 1774 1048 1851 suis,
1063 1796 1137 1839 cum
1156 1771 1250 1859 jam³
1268 1773 1395 1837 videre-

343 1896 419 1937 rnur
442 1896 510 1938 esse
534 1875 569 1937 in
589 1875 705 1959 januis
727 1877 818 1960 pacis
841 1876 927 1941 sieut
957 1877 1057 1941 ctiam
1081 1876 1124 1941 ab
1147 1875 1301 1941 omnibus
1327 1873 1407 1961 suis,

343 1976 538 2062 sperabatur
560 1982 594 2040 et
617 1976 818 2054 credebatur,
842 1978 973 2042 noviter
996 2000 1055 2042 nos
1077 1979 1207 2064 decepit
1230 1977 1397 2042 occasione

344 2079 549 2164 ‹prorundam
591 2079 786 2142 nuntiorum
824 2101 958 2144 suorum
1003 2103 1024 2145 a
1068 2081 1241 2165 majestate
1286 2086 1398 2144 vestra

343 2182 564 2259 redeuntium,
581 2181 638 2266 qui
657 2181 831 2265 jactabant
854 2186 888 2247 et
910 2183 1143 2247 seminabant4
1165 2203 1199 2246 sc
1215 2182 1396 2246 obtinuisse

344 2307 364 2349 a
388 2284 489 2359 vobis,
513 2284 556 2347 ad
579 2284 665 2369 regis
689 2285 883 2369 petitionem
907 2293 940 2350 et
963 2285 1166 2362 instantiam,
1202 2283 1396 2349 mandatum

345 2387 634 2451 etauctoritatem
661 2388 697 2449 in
720 2386 960 2471 depressionem
984 2385 1231 2452 Cantuuricnsis
1254 2386 1397 2452 ecelesiae

344 2489 598 2575 irreparabilem,
636 2495 671 2554 et
707 2495 854 2554 nostram
893 2490 996 2575 (quod
1025 2489 1117 2555 Deus
1154 2491 1326 2572 avertatl),
1363 2495 1398 2555 et

344 2593 534 2658 coexsulum
557 2599 743 2657 nostrorum
766 2592 906 2656 ruinam.
953 2591 1092 2677 Decepit
1115 2592 1230 2677 utique
1253 2613 1313 2657 nos
1336 2592 1398 2657 huc

345 2697 417 2762 vico
440 2696 526 2760 sicut
549 2700 583 2759 ct
606 2696 735 2780 saepius,
759 2715 819 2759 nec
841 2694 945 2759 solum
973 2714 1042 2770 nos,
1066 2694 1123 2758 sed
1154 2700 1189 2759 et
1210 2696 1298 2760 viros
1321 2694 1397 2759 reli-

344 2800 452 2886 giosos
475 2802 645 2884 portantes
668 2796 764 2861 nobis
787 2818 829 2861 cx
859 2802 954 2882 parte
985 2817 1045 2862 sua
1068 2796 1170 2863 verbu
1192 2798 1290 2882 pacis,
1322 2820 1396 2884 quau

346 2901 519 2966 sanctitati
550 2905 669 2964 restrae
700 2920 759 2984 per
789 2897 927 2962 latorem
966 2897 1180 2984 praesentium
1210 2898 1397 2964 intimanda

345 3004 576 3076 commisimus,
603 3022 730 3066 necnon
752 2999 1033 3085 archiepiscopum
1056 3001 1329 3086 Rotomagcnscm
1363 3008 1397 3065 et

346 3106 536 3191 sagiensem
563 3104 750 3189 episcopum
784 3103 956 3167 mittentes
990 3103 1095 3178 nobis,
1126 3103 1167 3166 de
1199 3104 1398 3170 conscicntia

345 3214 379 3271 et
417 3208 589 3270 voluntate
627 3204 749 3288 atquo⁵
785 3205 942 3268 mandato
980 3226 1048 3280 suo,
1086 3206 1224 3281 litterae,
1256 3228 1395 3291 quarum

345 3308 579 3392 transcriptum
611 3307 705 3370 vobis
736 3306 1002 3371 transmittimus.
1049 3307 1273 3371 Veruntamen
1305 3310 1395 3393 quie·

345 3411 425 3496 quid
460 3411 501 3474 de
546 3408 641 3473 nobis
679 3408 801 3487 fecerit,
840 3407 969 3472 utinam
1007 3410 1216 3474 serenitatem
1251 3416 1393 3475 vestram

344 3513 475 3578 blandis
499 3518 533 3576 et
567 3511 721 3575 inanibus
756 3511 924 3594 promissis
947 3511 1000 3575 vel
1023 3511 1084 3577 hac
1108 3513 1179 3577 vice
1202 3535 1269 3579 non
1302 3513 1393 3578 delu-

345 3618 433 3693 serit,
457 3616 542 3679 sicut
564 3613 724 3700 gloriatur
746 3612 869 3697 pluries
899 3635 933 3678 se
956 3614 1078 3690 secisse,
1102 3621 1141 3679 ut
1175 3617 1395 3700 protractione

345 3718 501 3802 temporis
536 3714 707 3800 contingat
738 3714 906 3799 inopinato
939 3716 1027 3799 quod
1059 3737 1228 3801 nunquam
1260 3719 1399 3784 videant

347 3820 417 3903 ejus
441 3819 525 3883 oculi
549 3823 609 3882 aut
631 3816 769 3880 aridiant
791 3838 894 3881 aures,
941 3817 985 3880 Et
1016 3817 1172 3901 quoniam
1203 3819 1397 3885 multotiens

347 3927 537 4007 opportune,
562 3922 757 4003 importune,
792 3918 1001 4004 prudentiam
1024 3925 1170 3984 vestram
1204 3920 1396 3988 sollicitavi·

346 4046 428 4100 mus,
451 4023 643 4087 multotiens
658 4021 863 4106 pulsavimus
886 4021 928 4087 ad
951 4042 1045 4086 aures
1068 4022 1253 4088 serenitatis
1269 4031 1397 4102 vestrae,

345 4132 384 4191 ut
406 4125 603 4190 auctoritate
626 4124 715 4189 beati
739 4123 829 4189 Petri
851 4123 930 4189 huic
960 4128 1055 4189 tanto
1078 4124 1173 4203 malo,
1197 4132 1300 4192 tantae
1323 4150 1395 4213 per-

345 4229 515 4307 secutioni,
539 4226 726 4292 severitatis
748 4247 884 4291 censura
907 4226 1007 4291 finem
1031 4226 1181 4292 debitum
1213 4230 1396 4316 imponere-

413 4394 477 4400 .....
488 4394 553 4399 —.
568 4392 739 4399 -.——-
756 4391 1186 4400 ----—-—-—-———
1271 4396 1375 4404 .-.—

381 4493 387 4524 ¹
405 4494 520 4552 nriar'ster,
532 4508 582 4541 om.
596 4493 627 4541 L.
930 4492 939 4523 ⁴
956 4491 1116 4552 simulabunt,
1129 4492 1162 4543 L.

377 4574 388 4604 '⁴'
406 4588 437 4620 nc
449 4573 530 4629 orirer,
543 4573 571 4629 Z,
584 4572 620 4629 113
639 4587 670 4619 ue
681 4586 730 4619 oru.
744 4569 777 4618 A.
929 4570 939 4602 ⁵
957 4586 995 4630 oc,
1008 4568 1040 4621 L.

378 4653 388 4684 ³
399 4652 463 4715 jum,
475 4651 508 4708 Α,
522 4649 556 4708 Ζ;
574 4665 624 4698 om.
636 4649 665 4698 L.
