3278 5662
414 746 479 814 478
853 762 1035 811 arrsroan.
1275 749 1356 833 [aa.
1375 747 1474 817 1171.

412 947 574 1013 calculum
609 952 842 1034 reportaturos,
874 947 1083 1012 confirmavit
1105 947 1260 1012 dominus
1282 969 1373 1034 papa
1395 969 1471 1012 sen·

412 1049 552 1114 tentiam
568 1049 737 1116 interdicti
761 1070 861 1134 qnam
883 1049 1036 1114 dominus
1053 1048 1250 1114 Sononcnsis
1274 1050 1412 1115 dederat
1434 1049 1473 1112 in

412 1154 535 1215 terram
569 1149 677 1237 regis¹
700 1151 919 1227 cismarinam,
943 1156 978 1215 et
1009 1150 1211 1216 sententiam
1242 1151 1473 1216 excommuni-

411 1253 551 1316 cationis
583 1259 619 1316 et
649 1253 872 1338 suspensionis
904 1274 980 1337 quse
1014 1253 1093 1318 data
1125 1258 1197 1318 erat
1231 1253 1267 1316 in
1300 1254 1473 1338 episcopos

412 1355 552 1439 Angliae.
606 1355 769 1441 Praecopit
790 1356 902 1432 etiam,
926 1356 1013 1440 quod
1047 1377 1107 1421 rex
1130 1361 1329 1441 temperaret
1351 1354 1395 1419 ab
1417 1356 1472 1419 in·

411 1477 524 1540 gressu
549 1457 700 1532 ccclesiae,
725 1465 759 1521 et
782 1457 959 1542 subjunxit
990 1458 1078 1542 quod
1109 1457 1180 1542 ipsc
1203 1457 1317 1522 mittet
1340 1457 1470 1542 legatos

411 1578 487 1621 suos
510 1558 552 1622 ad
576 1580 695 1644 regem,
718 1563 758 1622 ut
780 1559 918 1623 videant
949 1564 984 1623 ct
1015 1563 1214 1645 cognoscant
1236 1558 1308 1644 ejus
1330 1556 1467 1622 humili·

411 1664 524 1724 tatem.
582 1659 721 1738 Deinde,
751 1666 827 1746 post
859 1660 999 1725 multam
1032 1661 1225 1726 nuntiorum
1259 1659 1469 1735 instantiam,

411 1766 446 1825 et
479 1761 674 1827 interventu
702 1763 907 1847 quorundam
930 1762 1147 1828 cardinalium
1179 1768 1214 1827 et
1248 1782 1378 1848 magnae
1411 1782 1469 1847 pc-

411 1862 517 1927 cuniae
540 1863 651 1941 etiam,
673 1862 780 1929 sicut²
811 1864 942 1942 dicitur,
965 1864 1028 1930 hoc
1050 1864 1265 1950 impetratum
1288 1866 1353 1939 est}
1377 1862 1470 1948 quod

413 1963 566 2028 dominus
598 1986 684 2050 papa
718 1965 832 2032 scribit
862 1965 1061 2030 Bituricensi
1088 1964 1341 2051 archiepiscopo,
1366 1962 1469 2048 quod,

242 2081 299 2131 'rae
413 2065 441 2129 si
476 2065 562 2131 inira
594 2088 738 2132 mensem
771 2073 846 2152 post
878 2069 1061 2132 adventum
1094 2067 1288 2132 nuntiorum
1322 2067 1358 2130 in
1381 2066 1472 2130 Nor·

243 2144 387 2262 {issffifissd
413 2167 581 2233 manniam
619 2189 686 2233 non
723 2168 868 2234 audierit
905 2168 1030 2255 legatos
1072 2167 1337 2252 transalpinasse,
1377 2166 1470 2250 quod

243 2279 383 2331 anasais-
413 2274 494 2334 tunc
515 2269 669 2334 absolvat
691 2269 954 2335 Londonicnsem
978 2275 1012 2334 ct
1039 2269 1319 2333 Sarcsbericnsem
1342 2267 1387 2333 ab
1410 2289 1471 2332 ex·

412 2370 718 2447 communicatione,
732 2372 882 2456 praestito
898 2371 991 2456 prius
1008 2370 1201 2455 juramento
1223 2370 1312 2455 quod
1327 2368 1471 2435 stabunt

412 2472 568 2537 mandato
592 2472 717 2537 domini
739 2492 844 2558 papas,
868 2478 936 2537 tam
960 2472 1027 2535 illis
1050 2493 1150 2557 quam
1172 2471 1248 2537 aliis
1270 2471 1306 2535 in
1329 2491 1470 2557 suspen·

410 2573 503 2638 sione
535 2572 754 2650 manentibus,
777 2570 939 2657 excepto³
962 2571 1179 2636 Dunelmensi
1202 2572 1259 2656 qui
1291 2570 1394 2635 etiam
1429 2571 1468 2634 in

380 2664 385 2671 ¹
411 2675 474 2740 hoc
504 2674 638 2760 speciali
669 2675 794 2761 gaudet
825 2672 1051 2761 praerogativa.
1100 2673 1188 2737 Nam
1220 2672 1361 2736 nuntius
1394 2671 1468 2756 ejus

243 2347 316 2410 bury.

411 2775 649 2841 relaxationem
665 2797 759 2841 suam
773 2782 929 2861 reportat,
952 2776 1030 2841 licet
1045 2796 1118 2841 cum
1136 2795 1257 2861 magna
1271 2773 1467 2839 difficultate

413 2884 448 2943 et
470 2897 561 2943 mora
583 2877 715 2943 effectui
746 2877 994 2963 mancipaverit.
1041 2876 1097 2941 Sic
1127 2880 1331 2942 recessenmt
1351 2874 1466 2941 nuntii

412 2978 561 3043 domini⁴
582 2978 711 3064 regisa
743 2978 853 3055 Curia,
884 2999 945 3044 nec
978 2976 1070 3043 aliud
1096 2983 1275 3063 reportant.
1323 2975 1467 3055 Quando

411 3089 524 3146 autem
548 3081 682 3145 venturi
706 3080 774 3145 sint
805 3080 931 3165 legati⁵
953 3079 1008 3145 vel
1040 3080 1106 3165 qui,
1129 3079 1276 3144 nondum
1299 3077 1465 3143 credimns

411 3182 632 3247 cardinalibus
663 3182 854 3247 innotuisse.
901 3181 968 3246 Sed
990 3202 1079 3247 nunc
1100 3202 1167 3245 non
1191 3177 1381 3265 oportebit8
1404 3200 1466 3244 vos

411 3285 528 3349 timere
560 3283 774 3349 interdictum
805 3285 841 3347 in
875 3280 1065 3368 Angliam,⁷
1096 3283 1182 3348 sicut
1212 3282 1318 3358 credo,
1350 3282 1379 3347 si
1401 3303 1465 3346 rex

411 3385 531 3472 legatis
553 3405 669 3470 parere
703 3385 856 3450 voluerit.
903 3384 947 3449 Et
981 3384 1134 3450 dominus
1166 3405 1253 3469 papa
1284 3383 1400 3449 scribit
1423 3385 1465 3460 ei,

411 3491 446 3551 et
468 3486 594 3552 invitat
616 3508 691 3551 eum
724 3487 767 3552 ad
799 3485 1033 3563 humilitatem,
1079 3486 1136 3550 sed
1170 3485 1230 3549 vix
1260 3484 1325 3549 fait
1359 3484 1465 3570 impe·

410 3592 535 3653 tratum
558 3591 598 3652 ut
621 3588 651 3653 ei
674 3588 838 3653 scriberet.

1216 3748 1464 3760 ᾑ-

446 3838 454 3869 ¹
471 3837 579 3901 119111
594 3856 601 3894 ς
617 3852 668 3888 orn.
680 3837 709 3886 L.
992 3837 1002 3868 ⁴
1019 3835 1119 3895 demini,
1132 3851 1182 3886 cm.
1195 3835 1223 3886 Z.

443 3915 455 3948 ²
470 3916 516 3975 sic,
528 3916 559 3965 L.
990 3914 1000 3946 ⁶
1018 3913 1105 3978 119111,
1117 3914 1153 3973 Z;
1171 3929 1221 3964 cm.
1232 3914 1263 3964 L.

443 3993 573 4058 ⁸crrccrpro
592 4031 598 4042 .
617 4031 624 4044 .
643 4030 650 4043 .
668 3993 861 4061 mancipaverit,
875 3992 912 4054 Z,
991 3993 1001 4025 ⁶
1018 3991 1149 4057 oportebit,
1160 3994 1196 4051 Z,
1214 3998 1319 4057 opertet,
1329 3992 1361 4043 L.

410 4090 460 4124 cm.
472 4073 505 4123 al.
992 4070 1002 4107 ἲ
1019 4068 1147 4133 Aeetam,
1160 4072 1196 4130 Z3
1214 4070 1323 4135 1119111,
1335 4072 1365 4121 L.
