3278 5662
253 769 317 823 nn.
336 751 447 838 11⁷0]
696 767 877 818 sorssors.
1240 752 1302 815 351

254 955 288 1019 in
304 956 519 1021 tribulatione
535 959 656 1031 vestre,
679 955 766 1019 siout
788 959 824 1019 et
845 958 972 1029 nostra,
995 957 1119 1018 uteom
1142 953 1304 1019 cribraret

253 1059 338 1122 sicut
361 1058 518 1135 triticum,
535 1062 570 1123 et
592 1079 667 1122 suos
690 1057 853 1143 probaret,
871 1061 906 1121 et
920 1055 1129 1122 convinceret
1145 1055 1302 1121 infideles.

253 1158 320 1224 Sed
343 1159 494 1225 Christus
528 1160 569 1225 de
593 1160 665 1246 ipss
698 1158 882 1224 tentatione
916 1163 1115 1244 proventum
1151 1163 1304 1244 operatus

252 1265 303 1325 est
325 1261 450 1340 laetum,
473 1266 508 1326 et
530 1261 647 1326 utilem
670 1261 824 1326 fidelibus
838 1260 1011 1338 universis,
1035 1261 1093 1324 sed
1117 1261 1221 1336 vobis,
1244 1261 1302 1346 qui

251 1363 333 1428 elios
363 1363 543 1451 superastis
573 1363 609 1427 in
643 1362 717 1439 fide,
748 1384 816 1450 pree
847 1363 976 1428 oaeteris
999 1362 1185 1448 gloriosum.
1232 1362 1303 1428 Nos
1315 1374 1370 1451 Tne
1382 1391 1472 1454 recorr-

252 1465 340 1528 enim
363 1488 421 1551 per
454 1466 596 1551 gretiam
627 1465 692 1530 Dei
726 1470 760 1530 et
794 1470 946 1541 vestram,
970 1486 1044 1530 curn
1071 1464 1205 1529 domino
1228 1444 1439 1551 rcgc⁰¹¹¹³t¹⁰¹h

252 1567 435 1654 Anglorum
458 1568 594 1633 fecimus
617 1587 739 1652 paoem,
762 1567 806 1632 ed
827 1566 984 1631 honorem
1008 1566 1072 1630 Dei
1097 1571 1131 1631 et
1158 1566 1301 1632 ecclesius
1391 1632 1393 1636 .

252 1670 305 1750 (ut
327 1670 508 1756 speramus)
541 1669 742 1748 utilitatom3
774 1667 867 1753 eujus
889 1666 1027 1733 formam
1050 1668 1137 1733 lator
1159 1690 1301 1754 praesen-

251 1771 336 1835 tium
361 1772 454 1838 vobis
477 1776 630 1859 exponet,
653 1793 750 1857 quem
777 1770 1000 1836 desideremus
1022 1770 1117 1835 vobis
1139 1773 1302 1836 attentius

250 1875 478 1952 commendari,
501 1879 536 1939 et
558 1873 734 1959 petitiones
765 1894 847 1958 quas
877 1873 978 1939 habet
1001 1873 1037 1937 in
1060 1873 1303 1959 manibusque

250 1974 467 2040 consuevistis
489 1973 654 2040 industris
676 1973 870 2059 promoveri.

674 2416 857 2484 DOXCV.a

311 2564 457 2630 Tuouss
470 2565 763 2634 Ornrunnrsusrs
786 2585 1080 2635 nncursmscorus
1104 2586 1244 2634 uouruo
1315 2622 1320 2631 .

667 2672 874 2739 Gurrnno}

396 2826 442 2885 (A.
455 2828 502 2880 66;
521 2825 553 2876 Ο.
565 2823 590 2873 ii.
603 2829 652 2883 603
670 2826 698 2875 Z.
712 2841 735 2874 v.
747 2827 795 2886 47;
813 2827 877 2890 Lup.
890 2842 914 2875 v.
926 2830 975 2883 473
995 2825 1087 2876 Thom.
1100 2832 1154 2888 41.)

296 2953 543 3038 Experientiam
567 2975 676 3019 rerum
694 2958 832 3019 matrem
856 2961 891 3019 et
913 2954 1076 3020 nutricem
1100 2977 1178 3033 esse,
1194 2955 1301 3042 philo·
1315 2971 1436 3021 tineosos

251 3054 396 3140 sophiae²
418 3055 553 3120 celebris
576 3057 666 3141 apud
698 3056 852 3142 antiquos
875 3061 909 3121 et
933 3078 1011 3122 vera
1042 3059 1208 3123 sententia
1242 3065 1301 3136 est,
1314 3038 1457 3152 {ffieffiffl

249 3162 283 3219 et
314 3157 417 3241 ipsius
447 3156 612 3243 Apollinis
649 3157 839 3223 testimonio
872 3159 1091 3245 comprobata.
1137 3159 1209 3227 Nec
1239 3161 1301 3224 im·
1315 3170 1412 3233 llenry.

250 3259 377 3334 merito,
399 3279 474 3324 cum
497 3263 654 3344 expertus
677 3259 818 3345 quisque
842 3259 882 3325 de
905 3260 1002 3325 rebus
1025 3262 1060 3325 in
1084 3262 1205 3347 quibus
1229 3285 1300 3329 ver-

250 3364 341 3423 satus
365 3365 415 3425 est
438 3361 542 3445 possit
563 3360 694 3425 fidelius
712 3362 871 3447 judicare,
895 3366 929 3427 et
951 3362 1115 3448 inexperti
1140 3362 1180 3428 de
1204 3365 1300 3430 rebus

251 3462 425 3548 incognitis
456 3462 501 3527 sit
529 3462 721 3548 plerumque
752 3485 841 3528 vens
869 3469 904 3529 et
941 3465 1155 3531 fraudulente
1184 3466 1300 3554 imagi-

249 3564 350 3629 natio,
397 3563 480 3644 Quae
503 3563 623 3644 idcirco
649 3566 870 3651 premiserim,
894 3573 933 3632 ut
956 3567 1009 3632 vel
1032 3590 1120 3634 nuno
1152 3569 1300 3634 animad-

250 3671 408 3741 vertatur,
432 3669 556 3750 quanto
579 3666 723 3752 periculo
757 3667 900 3734 eeclesiae
922 3674 957 3734 et
979 3691 1060 3747 meo,
1095 3678 1155 3736 eut
1188 3673 1299 3757 potius

248 3765 435 3851 spostolieae
466 3766 561 3842 sedis,
591 3767 685 3852 cujus
715 3767 892 3855 privilegis
922 3792 989 3835 non
1020 3773 1090 3836 sine
1129 3773 1234 3838 multo
1265 3780 1300 3839 et

248 3865 419 3931 evidenti³
434 3866 620 3932 discrimine
643 3869 730 3933 tueri
753 3891 924 3956 eggressus
939 3893 1022 3950 sum,
1045 3873 1198 3939 dominus
1212 3897 1300 3963 pape

284 4098 289 4129 ¹
310 4099 335 4148 A
347 4095 461 4161 wrongly
473 4095 535 4146 adds
547 4093 681 4147 cardinali.
829 4098 840 4130 ³
856 4097 973 4160 evidenti,
987 4100 1019 4161 A,
1032 4100 1064 4161 0,
1077 4103 1113 4162 Z;
1130 4102 1246 4167 duodeni,
1258 4106 1289 4154 L.

281 4177 292 4209 ‘⁴'
305 4174 441 4242 pliloplie,
454 4175 485 4226 0.

281 4428 291 4450 ¹
308 4421 403 4469 Reuter
419 4434 501 4470 seems
518 4427 544 4468 to
564 4419 630 4470 teser
648 4419 700 4469 this
720 4425 747 4470 to
796 4418 817 4469 it
828 4435 880 4470 was
892 4421 1020 4488 evidently
1036 4423 1068 4474 os
1079 4422 1145 4474 teter
1161 4425 1219 4475 dcte
1236 4426 1298 4476 tbsn

246 4500 289 4550 the
306 4499 366 4549 time
383 4498 457 4548 when
473 4497 586 4550 Willism
605 4499 656 4549 sud
677 4497 747 4550 Otho
798 4499 927 4552 Gratisn’s
938 4500 1000 4554 visit
1011 4509 1038 4552 to
1055 4503 1297 4555 Frsnoessooom-

246 4592 311 4629 were
322 4577 454 4642 employed
471 4592 498 4626 ns
510 4576 747 4628 commissionem-
796 4577 937 4630 missioner.

246 4659 323 4709 about
335 4658 439 4723 August
458 4657 522 4708 1167
536 4655 574 4722 (ii.
587 4659 661 4720 610).
695 4659 748 4709 Bur
