3278 5662
360 760 427 825 Μ
797 781 982 831 rrrsronr.
1222 773 1305 854 [an.
1322 776 1427 842 1170.

362 968 1421 1057 ‘lwetoewinebntnhlegmeeurmisui-

365 1066 1200 1156 oorditeremdnerqmdemmnoe«
1247 1077 1421 1143 eodeshm

367 1169 1421 1266 nostnmioentintiliinrieormtimepraesnmptm:

365 1271 596 1357 promittentes
631 1274 663 1338 ei
708 1295 854 1339 amorem
889 1292 925 1340 et
971 1276 1139 1343 honorem
1176 1296 1212 1343 et
1248 1282 1416 1368 quidquid

362 1373 1424 1468 eheequnmgierpnndpipoeeeabsrehiepeoepoex-

236 1472 333 1522 eous
364 1474 710 1542 hiberiinnomino
757 1477 1421 1566 mmmmm

194 1553 290 1666 pm?
367 1599 436 1655 nos
459 1590 647 1644 ernostros
675 1580 733 1664 qni
759 1579 909 1656 admunt,
929 1582 1053 1667 reoepit
1083 1584 1121 1646 in
1149 1586 1420 1669 gratiarnm

237 1688 252 1721 e
365 1679 1423 1768 thuianonprreaeperatisntipeenobiaetnostria

365 1780 479 1846 ablata
511 1782 713 1856 restitueret,
742 1802 850 1866 neque
882 1802 904 1845 a
937 1782 1034 1847 nobis
1071 1798 1201 1868 poterat
1239 1786 1423 1872 impetrari,

363 1889 424 1949 aut
447 1884 580 1968 poterit,
594 1883 667 1948 Deo
680 1898 822 1959 anctore,
837 1898 876 1947 ut
891 1904 932 1947 ea
951 1885 1183 1963 remittamm3
1200 1887 1305 1971 juxta
1322 1910 1419 1954 man·

362 1986 479 2052 datum
502 2000 650 2050 reetrnm
671 1986 827 2071 repetitio
840 2006 955 2050 eorum
977 1984 1083 2050 ditm
1104 2002 1164 2061 est,
1186 2008 1255 2052 non
1275 1990 1420 2065 snbhts.

366 2086 1423 2173 Namsipraeoepiseetiseovigorequeminnovisrimis

367 2187 516 2253 litteris²
551 2190 767 2274 expressistis,
789 2196 830 2254 ut
859 2190 1120 2267 restituamur,
1158 2189 1251 2256 haud
1281 2193 1422 2261 dubium

364 2291 447 2376 quin
487 2290 698 2357 satiafeeimet
723 2298 758 2355 et
786 2292 926 2376 posteris
959 2290 1107 2357 dedioeer
1134 2293 1334 2379 exemplum,
1356 2299 1421 2363 toti

370 2394 516 2461 eeclesiae
552 2393 626 2471 Dei,
662 2399 698 2459 et
735 2393 879 2458 maxime
916 2393 1106 2479 apostoliae
1142 2395 1223 2472 sedi,
1259 2405 1421 2484 perpetuo

194 2567 200 2577 ,
238 2515 253 2549 e
320 2530 330 2540 ·
366 2496 584 2586 profutunrm.
628 2495 777 2562 Tandem
809 2496 923 2581 itaque
952 2495 1125 2562 nobiseum
1157 2496 1265 2563 multa
1293 2506 1343 2583 etj
1357 2501 1419 2565 diu

194 2583 246 2633 ¹⁵
365 2600 543 2676 conferens,
565 2620 640 2664 eum
674 2619 735 2664 noa
756 2597 823 2663 dno
853 2596 916 2663 soli
946 2596 1014 2662 fare
1046 2618 1151 2683 usqne
1177 2599 1222 2664 ad
1249 2621 1420 2687 vesperum

362 2702 515 2770 oolloouti
539 2722 683 2768 essemus
704 2701 885 2768 seeundum
918 2720 1044 2764 rnorem
1073 2699 1311 2767 familiaritatis
1331 2704 1419 2770 anti-

367 2825 450 2891 quae,
474 2806 509 2869 in
540 2803 603 2870 hoo
624 2802 847 2878 convenimus,
881 2807 922 2865 nt
950 2821 990 2865 eo
1018 2800 1216 2879 disoedente,
1239 2803 1422 2871 rediremus

368 2909 493 2996 gratias
515 2907 621 2974 aeturi
643 2903 927 2970 christianissimo
947 2903 1018 2988 regi
1041 2908 1076 2967 et
1096 2903 1173 2967 aliis
1204 2903 1422 2973 benefactori·

368 3010 432 3075 bus
454 3009 585 3086 nostris,
618 3007 782 3073 reversuri
815 3006 858 3070 ad
888 3005 1006 3091 ipsum,
1028 3003 1127 3069 rebus
1157 3008 1357 3092 compositis,
1387 3016 1422 3075 et

367 3111 573 3198 aliquamdiu
596 3109 755 3175 moraturi
778 3107 865 3173 eirea
887 3127 973 3183 enm,
986 3118 1166 3191 antequam
1188 3108 1363 3174 redeamus
1384 3112 1421 3175 in

367 3215 532 3302 Angliam
556 3220 594 3277 ut
618 3210 771 3277 omnibus
792 3209 978 3273 innoteseat
1008 3209 1044 3271 in
1067 3218 1225 3292 quantam
1248 3210 1420 3278 familiari·

364 3325 468 3384 tatem
491 3323 526 3382 et
547 3314 689 3401 gratiam
712 3333 772 3377 nos
793 3310 960 3396 reoeperit

414 3415 688 3503 Exspectabimus
725 3417 838 3478 autem
887 3412 922 3474 in
960 3409 1100 3476 Franeia
1138 3410 1241 3476 donee
1283 3415 1421 3480 redeant

367 3518 478 3584 nuntii
501 3515 616 3592 nostri,
640 3535 722 3600 quos
744 3512 786 3579 ad
817 3511 1020 3598 recipiendas
1051 3512 1267 3598 possessiones
1289 3522 1419 3581 nostras

369 3618 617 3698 destinavimus,
649 3616 728 3701 quia
757 3635 825 3680 non
858 3620 908 3679 eet
938 3613 974 3677 in
997 3614 1108 3678 animo
1130 3620 1243 3680 nostro
1265 3622 1305 3679 ut
1327 3617 1420 3682 rede·

369 3746 462 3791 amus
497 3721 537 3788 ad
572 3721 679 3807 ipsum
713 3718 871 3806 quamdin
905 3717 946 3782 de
980 3723 1069 3782 tenu
1102 3716 1246 3783 ecelesiae
1287 3739 1419 3804 passum

227 3858 248 3915 3⁰
277 3840 301 3887 in
322 3840 342 3888 'r
364 3829 456 3917 pedis
493 3824 675 3893 abstulerit.
736 3821 824 3887 Nam
863 3821 899 3885 in
932 3821 1142 3886 restitutione
1179 3822 1418 3906 possessionum

194 3922 298 4023 ‘2:05¹‘
364 3931 459 3998 facile
503 3929 712 3995 advertemus
751 3944 816 4010 qua
859 3923 1046 3989 sinceritate
1084 3928 1205 4008 agatur
1242 3924 1421 3994 nobiscum.

374 4033 445 4100 Nee
469 4039 583 4099 tamen
605 4050 759 4096 veremur
783 4027 865 4112 quin
895 4023 1033 4111 impleat
1055 4025 1143 4108 quod
1173 4025 1335 4110 promisit,
1356 4029 1422 4092 nisi

374 4159 449 4204 eum
488 4134 695 4224 proepediant
733 4127 920 4204 consiliarii,
942 4147 1024 4211 quos
1056 4126 1270 4211 deprevatae³
1301 4133 1423 4196 consei-

365 4241 464 4306 entito
487 4237 641 4304 stimulus
665 4233 828 4321 quiescere
858 4250 926 4294 non
955 4229 1128 4315 permittit.
1175 4229 1223 4292 Hi
1245 4229 1418 4314 siquidem,

365 4364 405 4408 ne
453 4337 773 4426 eomprehendantur
810 4334 846 4397 in
884 4331 1036 4417 operibus
1079 4352 1238 4397 manuum
1275 4354 1417 4413 suarum,

401 4621 408 4654 ¹
426 4625 567 4686 acepta!
948 4609 1128 4677 ²depraoaroe,
1146 4612 1178 4672 0,
1195 4612 1230 4670 V,
1248 4610 1283 4672 23
1301 4610 1419 4677 depravi-

398 4700 408 4733 ²
426 4699 531 4760 littaris,
541 4712 592 4748 om.
605 4693 639 4745 L.
915 4699 976 4755 tote,
987 4692 1021 4755 A,
1033 4690 1067 4742 L.
