3278 5662
277 797 342 846 an.
361 782 470 865 uro]
711 797 886 846 namrouar.
1263 782 1324 842 221

277 1001 437 1064 pressurae
468 985 590 1044 nostrae
623 984 838 1064 augmentum
871 981 1016 1044 aooeesit.
1062 977 1174 1043 Illudl
1206 978 1327 1065 quippe

278 1086 347 1144 tom
370 1080 577 1156 detestabile,
602 1087 671 1144 tam
695 1080 897 1164 flagitiosum
933 1079 1010 1163 [ne¹
1039 1080 1147 1144 diuam
1169 1078 1228 1144 aed
1254 1101 1327 1163 per-

274 1182 415 1266 jurium]
445 1183 683 1267 juramentum,
710 1187 871 1266 quantum
903 1181 974 1265 jam
1007 1179 1203 1266 generavit¹
1235 1202 1327 1246 soan-

279 1284 391 1348 delum
415 1285 548 1361 mundo,
571 1284 728 1349 offensam
752 1283 832 1359 Deo,
865 1283 958 1348 vobis
981 1282 1120 1369 eulpam,
1152 1282 1247 1348 nobie
1279 1283 1329 1348 af-

279 1385 482 1450 flictionem?
543 1385 740 1470 Praepoeitos
785 1384 948 1470 siquidem
987 1406 1008 1448 a
1044 1383 1140 1449 Deo¹
1175 1384 1328 1469 abjurare

279 1487 381 1570 ipsius
412 1486 470 1571 qui
503 1487 694 1572 praepositos
726 1487 902 1552 eonstituit
931 1485 1055 1570 injuria
1078 1491 1136 1563 eat,
1171 1491 1205 1550 et
1235 1483 1329 1563 ‚non¹

278 1593 392 1653 nostra
425 1588 482 1672 qui
513 1588 720 1674 pnafloimur,
754 1587 812 1652 sed
842 1589 952 1672 potius
985 1586 1057 1672 ejne
1090 1587 1147 1671 qui
1179 1586 1329 1671 praeieeit

278 1689 496 1755 inhonoratur
512 1695 666 1774 potestas,
689 1687 748 1753 et¹¹
770 1693 951 1754 avaouatur
974 1687 1169 1753 obedientia.
1210 1686 1329 1768 Quod¹

279 1792 424 1876 profecto
448 1792 578 1868 vitium,
601 1789 718 1854 vobis8
748 1789 949 1855 oonfidenier
980 1790 1053 1855 dieo
1087 1791 1145 1855 sed
1167 1789 1328 1876 lacryma„

278 1889 391 1958 biliter
414 1898 546 1978 propter
577 1914 645 1968 voe,
669 1890 894 1974 ido[lo]latrioa
926 1912 986 1976 par
1012 1899 1047 1955 et
1077 1891 1185 1956 simile
1208 1896 1267 1967 eet,
1290 1896 1330 1955 ut

279 1995 329 2061 ait
358 1994 538 2080 propheta:
573 1993 707 2072 “Quasi
743 1998 912 2078 peceatum
944 1991 1103 2057 ariolandi
1127 1998 1178 2057 eet
1211 2013 1329 2079 repug-

279 2105 296 2128 “
311 2117 399 2173 nere,
415 2101 449 2159 ot
472 2095 565 2179 quari
590 2094 694 2160 eoelue
717 2091 969 2177 ido[lo]latriae¹
990 2093 1078 2157 nolle
1093 2093 1329 2179 adquieaoare.”
1396 2110 1399 2114 ’

280 2197 378 2260 Unde
402 2198 502 2265 otiam
516 2196 540 2234 ¹⁰
562 2203 653 2262 elatu
677 2195 798 2260 veteris
825 2194 907 2279 legia
930 2194 1013 2260 tales
1036 2201 1196 2281 tanquam
1209 2195 1233 2239 ¹¹
1258 2198 1329 2261 veri

281 2298 504 2383 ido[lo]latri2e
526 2299 701 2384 corporalia
732 2297 849 2362 mortis
873 2298 1088 2382 reportabant
1119 2299 1327 2365 sententiam.

282 2401 347 2465 Vos
370 2406 482 2465 autem
505 2401 620 2464 facisse
643 2398 805 2462 videmini
827 2397 915 2482 quod
938 2398 1082 2463 deterius
1105 2401 1238 2486 estqui
1261 2423 1329 2469 non

281 2501 386 2565 solum
418 2501 618 2586 repugnatis,
650 2499 706 2563 secl
739 2499 840 2562 etiam
871 2505 1113 2585 repugnaturos
1146 2523 1207 2566 voe
1236 2503 1330 2587 jura÷

283 2609 393 2668 manto
425 2603 570 2666 firmatis,
627 2600 716 2663 Illud
748 2600 890 2684 denique
923 2601 1020 2685 quale
1052 2607 1111 2678 est,
1146 2624 1223 2667 ovea
1255 2625 1329 2689 pae-

282 2710 369 2769 toree
381 2703 405 2742 ¹¹
420 2703 588 2787 abjieerel
632 2701 784 2766 Profeoto
800 2701 857 2785 qui
874 2705 1022 2785 pentoree
1038 2723 1114 2768 euos
1126 2701 1152 2749 ¹¹¹
1173 2702 1330 2769 deserunt

279 2806 348 2889 jam
381 2806 478 2890 lupus
501 2804 635 2878 invasit,
657 2807 700 2879 et,
723 2803 788 2865 niei
819 2808 940 2886 pastor,
963 2824 1062 2886 quem
1088 2804 1331 2889 abjuraverunt

282 2927 371 2971 nune
393 2910 554 2990 protegat,
586 2903 775 2989 depaaeet¹¹
797 2924 851 2968 eae
878 2904 914 2966 in
937 2903 1046 2969 finem.
1093 2905 1201 2972 Multa
1227 2907 1329 2992 sarip-

283 3013 433 3072 turarum
464 3005 654 3071 testimonia
688 3010 723 3069 et
752 3008 939 3069 sanctorum
974 3004 1125 3090 exempla
1158 3007 1194 3072 in
1228 3009 1331 3074 vestri

284 3109 501 3174 detestatione
512 3108 536 3147 ¹⁵
558 3107 670 3172 delieti
694 3112 829 3192 poeeent
851 3107 972 3172 induei.
1019 3107 1140 3173 Vere¹¹
1162 3112 1251 3176 tanti
1274 3134 1332 3177 ex·

284 3234 391 3275 aeaeae
414 3210 593 3275 enormitas
615 3210 715 3274 etiam
739 3214 896 3274 extremae
927 3210 1157 3297 intelligentiae
1188 3212 1331 3279 homini·

285 3312 345 3376 bue
379 3311 487 3377 oleret.
538 3311 575 3376 Si
609 3316 721 3375 tamen
756 3332 822 3375 non
854 3311 1036 3397 spontanei,
1072 3312 1130 3377 aad
1163 3312 1263 3379 inviti
1297 3322 1332 3380 et

284 3411 419 3493 traoti‚¹¹
442 3412 631 3487 aceeeeiatie,
647 3412 683 3476 in
698 3417 792 3496 parte
808 3411 941 3496 quidem
957 3419 1160 3480 extenuatur
1169 3413 1197 3465 ¹¹
1218 3436 1330 3502 peena-

284 3522 365 3590 tum,
388 3515 445 3579 sod
468 3536 535 3578 non
562 3518 738 3577 excusatur
760 3513 900 3578 omnino.
948 3514 1062 3579 Satius
1092 3517 1180 3580 enirn
1214 3515 1332 3583 suisset

299 3655 397 3664 .-.-—-·

318 3717 326 3748 ¹
348 3715 429 3779 Istud,
443 3717 471 3767 P.
867 3713 887 3746 ¹¹
904 3714 979 3769 etiem
988 3723 1070 3777 emta,
1082 3717 1104 3767 P
1115 3737 1122 3784 ῃ
1141 3724 1165 3767 el
1177 3723 1279 3777 niutan,
1291 3719 1323 3769 L.

318 3794 470 3853 ¹nediram
488 3831 494 3842 .
513 3830 519 3842 .
539 3829 545 3842 .
562 3791 608 3845 secl
633 3792 783 3858 perjurm,
867 3791 885 3823 ¹¹
900 3793 1120 3857 polimquan,P.

284 3875 313 3923 Ρ.
681 3893 687 3905 ’
866 3869 887 3901 ¹²
899 3879 1014 3934 pastores
1025 3872 1142 3936 abjicere,
1159 3875 1199 3939 Μ
1219 3875 1256 3927 sic
1270 3892 1332 3941 pae-

318 3951 328 3982 ³
338 3953 395 4016 jour
413 3950 552 4014 peramavit,
570 3949 607 4008 1>;
624 3957 738 4013 generat,
755 3951 783 4006 Z,
833 3956 897 3998 torro
919 3967 977 4000 onor
1004 3958 1167 4015 contemnere.
1194 3971 1225 4005 u
1248 3955 1333 4007 dimna

285 4032 307 4081 L
319 4051 325 4088 ς
338 4031 392 4091 jam
402 4037 514 4093 perierat,
525 4029 558 4078 al.
832 4027 907 4075 etium
918 4027 1048 4091 abjurare,
1060 4029 1089 4079 P.

318 4107 328 4138 ⁴
345 4106 418 4167 adeo,
429 4107 465 4163 V,
477 4107 497 4154 Ζ
511 4107 565 4169 (ior
576 4122 593 4156 u
606 4105 683 4168 Deo).
867 4104 886 4136 ¹³
904 4121 969 4165 tuos,
981 4121 1031 4155 om.
1044 4107 1074 4157 L.

316 4187 326 4217 ¹
345 4202 399 4245 riou,
412 4186 442 4234 P.
867 4183 886 4214 ¹¹
903 4182 1020 4247 depascet
1031 4184 1113 4251 lupun,
1126 4186 1154 4241 Ρ.

317 4268 327 4295 ⁶
344 4272 377 4326 el,
390 4281 439 4314 om.
452 4264 481 4312 P.
867 4258 887 4291 ¹¹
903 4259 1096 4322 deieratione,
1117 4262 1147 4322 P,
1165 4261 1206 4322 ις
1222 4263 1333 4317 aaran

318 4343 327 4379 ¹
338 4347 417 4407 jurio
428 4341 502 4406 quod,
514 4343 543 4390 P.
835 4339 908 4399 lione,
919 4341 954 4400 A,
967 4340 1001 4398 V,
1012 4341 1043 4391 0.

318 4424 329 4453 ¹¹
345 4422 456 4470 ouraitue
467 4420 520 4471 dico
539 4418 617 4483 vobis,
627 4418 672 4469 rod
684 4418 784 4482 lachry-
868 4415 887 4448 ¹⁶
910 4416 1008 4479 Verum,
1020 4417 1050 4481 P,
1062 4419 1093 4471 G.

285 4501 417 4561 mobiliter,
437 4501 459 4549 l'
483 4497 615 4564 (omitting
636 4496 784 4560 confidenter
867 4495 887 4532 ¹¹
906 4504 930 4545 el
942 4498 1027 4557 tracti,
1039 4513 1088 4548 om.
1101 4497 1135 4557 L,
1146 4501 1179 4553 G.

284 4580 523 4644 audproptervoa).
867 4573 887 4605 ¹⁸
904 4581 1063 4635 armemur,
1081 4575 1117 4637 Pr
1141 4587 1284 4642 amiur,
1303 4582 1333 4640 Z,

317 4658 327 4687 ⁹
345 4656 472 4716 idolatrie,
484 4656 512 4704 P.
833 4653 864 4714 L,
875 4652 908 4703 G.
