3278 5662
277 820 342 868 nn.
362 802 473 886 nro]
714 817 893 865 unsrunn,
1267 804 1331 867 235

279 1005 337 1069 sed
374 1004 547 1068 mendacia
585 1003 673 1067 illico
719 1002 851 1067 detecta
888 1006 976 1076 sunt,
1022 1002 1332 1087 supervenientibus

276 1105 397 1170 litteris
435 1104 560 1169 domini
606 1125 701 1190 papee
739 1104 841 1168 etiam
878 1110 1056 1187 antequam
1096 1103 1332 1169 Londoniensis

277 1208 448 1292 episeopus
481 1206 523 1271 ad
556 1205 683 1270 curiam
718 1205 782 1269 iter
817 1204 996 1290 arriperet3
1029 1205 1086 1289 qui
1118 1205 1332 1290 proculdubio

278 1308 381 1374 labori
405 1308 602 1395 pepercisset
625 1313 660 1372 et
682 1307 879 1392 sumptibus,
902 1308 929 1370 si
953 1310 1007 1389 (ut
1031 1306 1165 1391 quidum
1198 1308 1331 1372 mentiti

277 1412 371 1492 sunt)
404 1411 474 1475 sino
507 1416 603 1474 tanta
634 1408 829 1474 difficultate
852 1408 978 1473 absolvi
1015 1409 1183 1493 potuisset.
1230 1409 1332 1474 Fama

277 1512 413 1579 celebris
429 1517 480 1577 est
496 1511 584 1597 quod
601 1517 799 1576 memoratus
816 1510 1065 1576 Cantuariensis
1083 1510 1332 1576 archidiaconus

278 1614 347 1700 regi
382 1614 546 1700 persuasit
580 1612 615 1675 in
652 1611 806 1697 Angliam
840 1610 1061 1688 transfretare,
1087 1618 1126 1675 ut
1164 1613 1332 1699 episcopos

276 1722 432 1802 torqueat
466 1721 500 1781 et
541 1715 665 1781 elerum
698 1715 757 1799 qui
792 1719 908 1780 eontra
942 1715 1110 1779 deminum
1144 1737 1263 1801 papam
1297 1720 1332 1780 et

277 1823 416 1884 matrem
448 1838 541 1883 suam
574 1815 846 1881 cantuariensem
880 1815 1049 1881 eeclesiam
1068 1816 1182 1901 jurare
1218 1817 1332 1881 nolue-

276 1917 364 1982 rint.¹
413 1917 569 2002 Undique
604 1921 712 1981 metus
746 1922 780 1981 et
813 1917 977 2003 angustiae
1012 1917 1158 2002 undique
1202 1916 1332 2005 longae,²

276 2019 495 2086 necessitate³
510 2018 721 2084 vitandorum
738 2018 884 2099 inflicta;
907 2019 1025 2084 melius
1047 2025 1099 2084 est
1114 2018 1228 2083 enirn*
1250 2020 1330 2085 inei-

279 2125 355 2188 dere
392 2125 428 2186 in
461 2143 579 2197 manus
616 2121 788 2186 hominum
823 2143 922 2206 quam
957 2120 1186 2205 derelinquere
1225 2121 1330 2208 legem

277 2224 351 2290 Dei.
396 2225 550 2289 Alterum
573 2223 662 2287 enim
686 2244 814 2308 semper
836 2221 1020 2308 gebennam
1044 2222 1174 2308 ingerit,
1190 2223 1331 2288 altorum

277 2327 333 2391 via
355 2331 406 2391 est
428 2325 472 2391 ad
494 2346 645 2391 eoronam
681 2331 716 2389 et
750 2328 926 2409 perpetuat
956 2323 1104 2411 gloriam.
1152 2324 1238 2390 Nam
1274 2327 1332 2410 qui

276 2429 534 2514 persecutionem
557 2427 743 2513 patiuntur,
766 2431 901 2512 propter
918 2427 1088 2512 justitiam
1111 2426 1201 2491 beati
1232 2434 1331 2507 sunt3

277 2531 434 2615 quoniam
457 2552 539 2615 quos
569 2550 683 2615 pugna
706 2533 837 2614 purgat,
868 2528 990 2614 prebat
1012 2534 1047 2593 et
1070 2527 1223 2605 illustrat,
1255 2530 1331 2594 finis

275 2654 395 2719 pugnae
434 2633 505 2696 sine
542 2632 608 2694 fine
640 2635 783 2698 coronat.
832 2629 998 2695 Sathenas
1036 2636 1149 2695 autem
1187 2629 1330 2717 amplius

276 2735 381 2810 saevit,
405 2756 479 2800 eum
503 2732 739 2798 exterminium
762 2753 860 2796 suum
884 2731 978 2796 videt
1000 2730 1191 2811 accelerari3
1216 2739 1250 2797 et
1272 2732 1332 2798 illa

277 2858 353 2922 pars
375 2835 504 2920 hyemis
527 2834 643 2899 tetrior
666 2840 717 2898 est
743 2855 817 2918 quae
836 2833 924 2898 veris
947 2833 1152 2898 imminentis
1175 2834 1331 2918 praecedit

276 2937 512 3002 amoenitatem.
570 2935 736 3000 Historias
783 2934 913 3020 repliea,
970 2939 1188 3020 tyrannorum
1237 2942 1332 3022 gesta

277 3040 419 3115 revolve,
442 3044 476 3103 et
498 3038 595 3125 plane
619 3037 760 3124 reperies
784 3038 820 3100 in
842 3036 1002 3122 pressuris
1023 3038 1178 3124 semper5
1213 3038 1331 3104 dilata-

278 3148 347 3206 tam
370 3164 438 3207 esse
461 3141 650 3219 ecelesiam;
673 3144 708 3205 et
731 3140 819 3225 quod
836 3140 1028 3226 persecutio
1051 3146 1176 3225 quanto
1191 3142 1333 3208 atrocior

281 3250 360 3322 erat,
397 3250 493 3310 tanto
525 3245 625 3311 eitius
663 3241 863 3308 sedabatur.⁰
909 3241 1017 3330 Regi⁷
1048 3248 1160 3309 autem
1199 3250 1268 3310 tarn
1291 3245 1333 3311 ab
1344 3269 1389 3318 An
1401 3268 1480 3319 inrer-

278 3346 393 3412 amieis
415 3368 514 3432 quam
538 3346 580 3411 ab
604 3345 677 3412 aliis
701 3345 830 3411 nuntiis
853 3345 909 3430 qui
934 3345 1165 3430 praemiserunt
1187 3346 1278 3424 istos,
1293 3334 1500 3453 „tmanat-

279 3449 541 3535 praemuniretur,
565 3447 795 3514 indubitantor
818 3446 1043 3533 significatum
1066 3453 1126 3525 cst,
1154 3448 1251 3534 quod,
1267 3450 1332 3514 nisi
1410 3436 1417 3451 ⁶

278 3552 378 3625 eitius
416 3572 490 3616 eum
531 3550 668 3615 ecelesia
705 3549 819 3615 feeerit
864 3568 987 3634 pacem,
1026 3549 1206 3615 seeundum
1245 3552 1333 3636 quod

278 3653 322 3717 ad
345 3653 540 3737 petitionem
564 3672 657 3716 suam
681 3650 834 3715 dominus
866 3672 953 3736 papa
976 3651 1182 3737 praescripsit,
1206 3658 1242 3717 et
1271 3650 1334 3719 hoe

279 3754 367 3818 infra
401 3754 561 3818 kalendas
595 3752 686 3829 Maii,
725 3774 766 3817 ex
801 3758 883 3818 tune
916 3752 1009 3817 nulla
1042 3753 1169 3819 ratione
1208 3752 1333 3819 differri

279 3856 402 3943 poterit
424 3856 507 3941 quin
531 3856 565 3919 in
600 3875 773 3941 personam
807 3855 878 3940 ejus
909 3860 944 3919 et
967 3860 1089 3919 terram
1122 3856 1331 3922 cismarinam

279 3965 314 4024 et
337 3959 595 4024 transmarinam
619 3958 840 4024 ecelesiastica
862 3957 1021 4021 severitas
1044 3964 1241 4024 exerceatur.
1288 3958 1333 4024 Et

279 4062 341 4128 hoe
363 4062 497 4147 quidem
521 4062 666 4127 arbitror
703 4061 781 4125 huie
817 4058 1062 4125 exacerbationi
1097 4061 1210 4145 (quarn
1243 4060 1333 4125 Deus

614 4217 703 4225 —..—
759 4218 792 4222 -.
819 4216 892 4223 ῃ...
991 4218 1009 4223 -
1044 4218 1073 4224 .-
1156 4218 1175 4224 ,.
1201 4209 1331 4224 -..μ

314 4322 321 4354 ¹
340 4320 474 4380 noluerint,
492 4324 525 4377 0,
543 4320 571 4379 Z,
585 4322 624 4377 (ἐς
643 4315 783 4373 noluerunt,
862 4315 942 4365 ³F01·
967 4318 1115 4367 urccuimte
1132 4350 1138 4367 ·
1157 4356 1163 4366 .
1181 4354 1188 4368 .
1205 4335 1286 4383 quom,
1309 4320 1333 4371 L

279 4415 309 4464 ΙΙ.
827 4394 875 4443 hus
888 4395 948 4459 only
960 4397 986 4443 in
999 4412 1081 4461 quam.

751 4528 755 4536 Ι
861 4473 871 4504 ⁴
889 4474 958 4531 mim,
971 4473 1010 4535 03
1026 4490 1076 4523 em.
1090 4473 1123 4526 G.

313 4533 324 4565 ²
342 4532 412 4595 leupo
431 4538 473 4593 (or
490 4529 570 4592 lonyoe
588 4535 619 4578 tr.
634 4527 734 4577 leniter
746 4544 784 4575 rn-
861 4553 871 4584 a
887 4568 991 4618 ,mm
1003 4569 1054 4602 onr,
1068 4551 1100 4603 L,

271 4623 361 4688 flictu,
383 4624 465 4672 where
483 4620 504 4671 it
520 4619 610 4686 begins
628 4636 644 4667 a
660 4633 715 4669 new
727 4632 784 4668 sen·
862 4629 873 4662 a
889 4629 1032 4693 sedebam,
1047 4634 1079 4682 v¹

279 4718 375 4773 leuce),
387 4714 419 4763 (l.
863 4708 873 4745 7
892 4709 993 4773 Itheru,
1005 4710 1037 4760 G.
