3278 5662
256 817 322 868 aa.
341 801 452 887 nra]
693 818 874 868 aersromn.
1243 810 1306 873 509

257 1011 291 1069 ct
313 1027 442 1091 magma
465 1007 673 1072 auctoritatis
696 1009 778 1073 viris
801 1010 982 1095 provinciae
1005 1009 1094 1073 illius
1110 1011 1168 1094 qui
1191 1012 1309 1076 absens

255 1106 367 1183 fuerit,
391 1109 564 1193 negotium
587 1109 697 1195 ipsum
721 1112 885 1176 maturius
909 1116 1118 1196 exsequatur.

301 1206 429 1272 Datum
452 1210 641 1289 Tusculani,
664 1213 766 1277 tertio
790 1212 923 1278 kalend.
947 1213 1071 1277 Martii.

599 1518 971 1531 Μ

657 1742 907 1809 DCCLXVIII.

302 1898 524 1962 ALEXANDER
547 1915 636 1963 PAPA
658 1915 707 1963 AD
730 1900 933 1965 Jocnaluun
957 1900 1266 1966 Sanusnnnlnusnn

686 2018 887 2068 EPISCOPUM.

573 2166 616 2230 (C.
629 2171 694 2225 3995
713 2167 746 2217 D.
759 2173 808 2228 933
826 2167 918 2217 Thom.
931 2171 1001 2230 288.)

306 2314 497 2380 Alexander
516 2315 695 2402 episcopus,
711 2338 827 2381 servus
850 2338 1019 2382 servorum
1042 2316 1113 2394 Dei,
1129 2319 1311 2384 venerabili
1326 2330 1415 2379 araret
1427 2334 1468 2378 aa.

260 2416 359 2481 fratri
381 2416 531 2482 Jocelino
559 2416 800 2483 Saresberiensi
832 2419 992 2504 episcopo,
1015 2418 1156 2484 salutem
1178 2425 1212 2485 et
1234 2442 1311 2507 apo-

261 2518 410 2585 stolicam
433 2519 707 2606 benedictionem.

305 2620 397 2686 Licet
428 2622 463 2685 in
495 2622 663 2707 proposito
696 2627 809 2687 nostro
832 2626 867 2686 et
898 2621 1032 2687 consilio
1064 2622 1205 2687 fratrum
1237 2630 1377 2708 nos-Tne
1416 2699 1423 2719 ⁹

261 2727 387 2787 trorum
425 2722 530 2789 fuerit
565 2728 603 2788 ut
636 2734 669 2789 tc
702 2745 771 2790 non
805 2723 998 2789 deberemus
1035 2724 1212 2802 absolvero,
1246 2698 1442 2826 nisiffiffi

261 2822 440 2908 apostolico
456 2830 490 2889 te
506 2825 696 2910 conspectui
713 2831 927 2910 praesentares
943 2851 951 2906 ;
975 2826 1054 2910 quia
1070 2825 1208 2891 dilectus
1224 2825 1313 2890 filius
1326 2844 1483 2945 {gfff

261 2924 736 2992 noster1aobubr0ieensis
767 2926 910 2992 eeclesiae
943 2928 1085 2993 decanus
1120 2928 1248 2992 senium
1280 2934 1314 2993 et
1327 2912 1426 3025 poderis
1456 2912 1470 2944 ⁰

262 3026 491 3092 infirmitatem
515 3032 608 3092 tuam
631 3027 726 3092 nobis
751 3048 838 3113 saepe
861 3033 895 3091 et
918 3029 1040 3114 saepius
1066 3029 1191 3106 retulit,
1214 3030 1314 3094 etiam
1328 3030 1448 3078 0¹⁰¹¹⁸<³d=

262 3132 390 3216 pridem
414 3131 554 3196 dilectus
580 3130 671 3196 filius
700 3135 813 3196 noster
835 3131 1042 3218 Reginaldus
1064 3133 1316 3198 archidiaconus

261 3241 340 3299 tuus
362 3234 425 3299 hoc
451 3234 540 3298 idem
563 3233 703 3299 sollicite
726 3254 765 3299 ac
787 3232 965 3320 diligenter
989 3232 1109 3299 nobis²
1140 3236 1315 3321 exposuit;

261 3361 321 3403 nos
344 3359 423 3403 vero
444 3338 488 3403 ad
510 3335 708 3417 instantiam
739 3337 887 3423 ejusdem
921 3338 1048 3414 decani,
1072 3342 1106 3402 et
1138 3337 1181 3403 ad
1204 3360 1316 3424 preces

262 3441 420 3504 carissimi
458 3440 494 3503 in
534 3436 668 3504 Ohristo
706 3438 767 3502 filii
804 3438 938 3503 nostril
977 3438 1135 3503 Willelmi
1174 3439 1313 3504 illustris

264 3541 387 3606 Siciliae
410 3542 505 3626 regis,
529 3545 564 3606 et
586 3539 761 3606 Mathildis
787 3541 911 3627 reginae
934 3543 1149 3619 matrissuae,
1174 3543 1231 3627 qui
1255 3565 1313 3628 pro

262 3648 295 3706 te
312 3663 371 3706 nos
386 3642 550 3707 instanter
565 3647 775 3728 rogaverunt,
791 3648 827 3707 et
848 3641 1111 3708 consideratione
1132 3664 1262 3729 quoquc
1279 3652 1313 3708 ot

262 3766 372 3809 amore
396 3744 556 3809 carissimi
578 3744 614 3807 in
643 3741 777 3808 Christo
800 3743 863 3807 filii
885 3744 991 3808 nostri
1013 3743 1198 3829 Anglorum
1230 3746 1316 3832 regis

264 3847 411 3924 chrici,
436 3846 698 3932 impossibilitati
724 3852 793 3912 tuce
820 3846 996 3932 benignius
1017 3847 1316 3926 condescendimus,

263 3956 297 4014 ct
320 3949 466 4014 laborem
496 3948 583 4013 tanti
615 3947 743 4013 itineris
775 3953 809 4014 ct
843 3947 1028 4034 periculum
1062 3949 1124 4014 tibi
1158 3951 1315 4015 duximus

264 4050 520 4117 misericorditer
542 4049 789 4115 remittendum.
850 4049 935 4115 Inde
958 4056 1010 4114 est
1033 4051 1122 4135 quod
1147 4052 1209 4116 tibi
1232 4074 1315 4137 prae-
1328 4060 1421 4111 ateana
1432 4069 1459 4112 to

264 4154 408 4218 sentium
440 4152 649 4229 auctoritate,
671 4150 878 4238 injungimus
909 4156 949 4216 ut
972 4152 1118 4238 quinque
1154 4128 1476 4243 personas,}{‡³,¹ffl{⁰2b,

264 4255 318 4320 vel
341 4260 484 4340 quatuor
513 4253 556 4318 ad
586 4253 705 4331 minus,
728 4254 898 4340 religiosas
926 4259 960 4320 et
989 4253 1144 4319 honestas
1179 4275 1217 4318 ac
1250 4255 1315 4319 fide
1329 4259 1439 4309 solution

265 4357 385 4441 dignas
423 4356 463 4421 de
502 4355 693 4441 episcopatu
729 4361 789 4421 tuo
827 4356 871 4421 ad
909 4356 1122 4442 praesentiam
1168 4359 1315 4420 nostram

308 4546 762 4553 -.—-—-.—..-..—---.——-
781 4547 1034 4555 ——-—-——
1052 4548 1310 4556 .-——---——

299 4666 305 4698 ¹
325 4670 414 4724 vester,
425 4661 457 4713 G.
844 4660 855 4692 ³
872 4661 957 4719 nestri,
968 4660 1000 4708 (t.

296 4747 306 4776 '·'
323 4743 400 4801 rodis,
413 4742 446 4791 G.
