<?xml version="1.0" encoding="UTF-8"?>
<!DOCTYPE html PUBLIC "-//W3C//DTD XHTML 1.0 Transitional//EN"
    "http://www.w3.org/TR/xhtml1/DTD/xhtml1-transitional.dtd">
<html xmlns="http://www.w3.org/1999/xhtml" xml:lang="en" lang="en">
 <head>
  <title>
</title>
<meta http-equiv="Content-Type" content="text/html;charset=utf-8" />
  <meta name='ocr-system' content='tesseract 3.04.00' />
  <meta name='ocr-capabilities' content='ocr_page ocr_carea ocr_par ocr_line ocrx_word'/>
</head>
<body>
  <div class='ocr_page' id='page_1' title='image "./materialsforhis00robegoog_0286.png"; bbox 0 0 3278 5662; ppageno 0'>
   <div class='ocr_carea' id='block_1_1' title="bbox 217 778 1268 869">
    <p class='ocr_par' dir='ltr' id='par_1_1' title="bbox 217 778 1268 869">
     <span class='ocr_line' id='line_1_1' title="bbox 217 778 1268 869; baseline -0.012 -18"><span class='ocrx_word' id='word_1_1' title='bbox 217 802 283 852; x_wconf 72' lang='lat' dir='ltr'><strong>no.</strong></span> <span class='ocrx_word' id='word_1_2' title='bbox 302 782 413 869; x_wconf 68' lang='lat'>1170]</span> <span class='ocrx_word' id='word_1_3' title='bbox 655 794 831 844; x_wconf 73' lang='lat' dir='ltr'><strong>rrrsrorm.</strong></span> <span class='ocrx_word' id='word_1_4' title='bbox 1207 778 1268 839; x_wconf 80' lang='lat'><strong>261</strong></span> 
     </span>
    </p>
   </div>
   <div class='ocr_carea' id='block_1_2' title="bbox 220 974 1274 1375">
    <p class='ocr_par' dir='ltr' id='par_1_2' title="bbox 220 974 1274 1375">
     <span class='ocr_line' id='line_1_2' title="bbox 220 974 1271 1067; baseline -0.008 -23"><span class='ocrx_word' id='word_1_5' title='bbox 220 1003 343 1049; x_wconf 83' lang='lat' dir='ltr'><strong>errasse</strong></span> <span class='ocrx_word' id='word_1_6' title='bbox 370 984 543 1067; x_wconf 84' lang='lat' dir='ltr'><strong>judicium,</strong></span> <span class='ocrx_word' id='word_1_7' title='bbox 571 989 605 1047; x_wconf 89' lang='lat' dir='ltr'><strong>et</strong></span> <span class='ocrx_word' id='word_1_8' title='bbox 635 983 782 1066; x_wconf 79' lang='lat' dir='ltr'><strong>antirpue</strong></span> <span class='ocrx_word' id='word_1_9' title='bbox 813 978 961 1043; x_wconf 83' lang='lat' dir='ltr'><strong>caritatis</strong></span> <span class='ocrx_word' id='word_1_10' title='bbox 991 976 1145 1041; x_wconf 81' lang='lat' dir='ltr'><strong>excludat</strong></span> <span class='ocrx_word' id='word_1_11' title='bbox 1175 974 1271 1037; x_wconf 84' lang='lat' dir='ltr'><strong>ali&#39;ec·</strong></span> 
     </span>
     <span class='ocr_line' id='line_1_3' title="bbox 223 1076 1272 1169; baseline -0.01 -22"><span class='ocrx_word' id='word_1_12' title='bbox 223 1090 304 1148; x_wconf 90' lang='lat' dir='ltr'><strong>tum.</strong></span> <span class='ocrx_word' id='word_1_13' title='bbox 351 1086 438 1149; x_wconf 84' lang='lat' dir='ltr'><strong>Nam</strong></span> <span class='ocrx_word' id='word_1_14' title='bbox 463 1092 502 1150; x_wconf 90' lang='lat' dir='ltr'><strong>ut</strong></span> <span class='ocrx_word' id='word_1_15' title='bbox 525 1085 577 1169; x_wconf 87' lang='lat' dir='ltr'><strong>pie</strong></span> <span class='ocrx_word' id='word_1_16' title='bbox 601 1084 745 1149; x_wconf 91' lang='lat' dir='ltr'><strong>creditur</strong></span> <span class='ocrx_word' id='word_1_17' title='bbox 768 1104 789 1146; x_wconf 87' lang='lat' dir='ltr'><strong>a</strong></span> <span class='ocrx_word' id='word_1_18' title='bbox 811 1080 973 1152; x_wconf 87' lang='lat' dir='ltr'><strong>fidelibus,</strong></span> <span class='ocrx_word' id='word_1_19' title='bbox 998 1077 1053 1141; x_wconf 90' lang='lat' dir='ltr'><strong>ille</strong></span> <span class='ocrx_word' id='word_1_20' title='bbox 1084 1076 1213 1141; x_wconf 85' lang='lat' dir='ltr'><strong>felicius</strong></span> <span class='ocrx_word' id='word_1_21' title='bbox 1237 1076 1272 1137; x_wconf 91' lang='lat' dir='ltr'><strong>in</strong></span> 
     </span>
     <span class='ocr_line' id='line_1_4' title="bbox 223 1178 1274 1272; baseline -0.012 -20"><span class='ocrx_word' id='word_1_22' title='bbox 223 1188 293 1252; x_wconf 79' lang='lat' dir='ltr'><strong>Deo</strong></span> <span class='ocrx_word' id='word_1_23' title='bbox 326 1211 425 1272; x_wconf 84' lang='lat' dir='ltr'><strong>quam</strong></span> <span class='ocrx_word' id='word_1_24' title='bbox 458 1188 492 1249; x_wconf 93' lang='lat' dir='ltr'><strong>in</strong></span> <span class='ocrx_word' id='word_1_25' title='bbox 516 1187 627 1250; x_wconf 88' lang='lat' dir='ltr'><strong>liberis</strong></span> <span class='ocrx_word' id='word_1_26' title='bbox 651 1186 745 1258; x_wconf 68' lang='lat' dir='ltr'><strong>sivit,</strong></span> <span class='ocrx_word' id='word_1_27' title='bbox 770 1191 804 1248; x_wconf 88' lang='lat' dir='ltr'><strong>et</strong></span> <span class='ocrx_word' id='word_1_28' title='bbox 838 1182 994 1247; x_wconf 74' lang='lat' dir='ltr'>studiosis</span> <span class='ocrx_word' id='word_1_29' title='bbox 1027 1178 1180 1263; x_wconf 88' lang='lat' dir='ltr'><strong>operibus</strong></span> <span class='ocrx_word' id='word_1_30' title='bbox 1214 1179 1274 1240; x_wconf 90' lang='lat' dir='ltr'><strong>aut</strong></span> 
     </span>
     <span class='ocr_line' id='line_1_5' title="bbox 222 1277 1258 1375; baseline -0.015 -20"><span class='ocrx_word' id='word_1_31' title='bbox 222 1290 368 1374; x_wconf 84' lang='lat' dir='ltr'><strong>reprobis</strong></span> <span class='ocrx_word' id='word_1_32' title='bbox 391 1290 531 1375; x_wconf 81' lang='lat' dir='ltr'><strong>gratiam</strong></span> <span class='ocrx_word' id='word_1_33' title='bbox 555 1291 625 1373; x_wconf 91' lang='lat' dir='ltr'><strong>ejus</strong></span> <span class='ocrx_word' id='word_1_34' title='bbox 650 1286 824 1372; x_wconf 89' lang='lat' dir='ltr'><strong>promereri</strong></span> <span class='ocrx_word' id='word_1_35' title='bbox 849 1283 986 1369; x_wconf 84' lang='lat' dir='ltr'><strong>potestis</strong></span> <span class='ocrx_word' id='word_1_36' title='bbox 1009 1288 1068 1346; x_wconf 87' lang='lat' dir='ltr'><strong>aut</strong></span> <span class='ocrx_word' id='word_1_37' title='bbox 1091 1277 1258 1343; x_wconf 79' lang='lat' dir='ltr'><strong>demereri.</strong></span> 
     </span>
    </p>
   </div>
   <div class='ocr_carea' id='block_1_3' title="bbox 698 1676 793 1739">
    <p class='ocr_par' dir='ltr' id='par_1_3' title="bbox 698 1676 793 1739">
     <span class='ocr_line' id='line_1_6' title="bbox 698 1676 793 1739; baseline -0.011 0"><span class='ocrx_word' id='word_1_38' title='bbox 698 1676 793 1739; x_wconf 69' lang='lat' dir='ltr'><strong>DOL.</strong></span> 
     </span>
    </p>
   </div>
   <div class='ocr_carea' id='block_1_4' title="bbox 278 1824 1235 1993">
    <p class='ocr_par' dir='ltr' id='par_1_4' title="bbox 278 1824 1235 1993">
     <span class='ocr_line' id='line_1_7' title="bbox 278 1824 1235 1893; baseline -0.002 -4"><span class='ocrx_word' id='word_1_39' title='bbox 278 1828 425 1890; x_wconf 79' lang='lat' dir='ltr'><strong>Truuus</strong></span> <span class='ocrx_word' id='word_1_40' title='bbox 449 1827 730 1893; x_wconf 79' lang='lat' dir='ltr'><strong>Oruruuurussrs</strong></span> <span class='ocrx_word' id='word_1_41' title='bbox 753 1842 1049 1889; x_wconf 75' lang='lat' dir='ltr'><strong>Ancursmseorus</strong></span> <span class='ocrx_word' id='word_1_42' title='bbox 1072 1824 1235 1889; x_wconf 80' lang='lat' dir='ltr'><strong>Hruruco</strong></span> 
     </span>
     <span class='ocr_line' id='line_1_8' title="bbox 536 1928 976 1993; baseline 0 -2"><span class='ocrx_word' id='word_1_43' title='bbox 536 1928 781 1993; x_wconf 81' lang='lat' dir='ltr'><strong>Wruroumusr</strong></span> <span class='ocrx_word' id='word_1_44' title='bbox 808 1944 976 1991; x_wconf 78' lang='lat' dir='ltr'><strong>serscoro.</strong></span> 
     </span>
    </p>
   </div>
   <div class='ocr_carea' id='block_1_5' title="bbox 338 2078 1177 2141">
    <p class='ocr_par' dir='ltr' id='par_1_5' title="bbox 338 2078 1177 2141">
     <span class='ocr_line' id='line_1_9' title="bbox 338 2078 1177 2141; baseline -0.004 -13"><span class='ocrx_word' id='word_1_45' title='bbox 338 2081 385 2137; x_wconf 82' lang='lat' dir='ltr'><strong>(A.</strong></span> <span class='ocrx_word' id='word_1_46' title='bbox 399 2085 464 2138; x_wconf 76' lang='lat'><strong>259;</strong></span> <span class='ocrx_word' id='word_1_47' title='bbox 483 2086 515 2129; x_wconf 82' lang='lat'><strong>0.</strong></span> <span class='ocrx_word' id='word_1_48' title='bbox 528 2078 553 2128; x_wconf 93' lang='lat' dir='ltr'><strong>ii.</strong></span> <span class='ocrx_word' id='word_1_49' title='bbox 567 2085 632 2137; x_wconf 74' lang='lat'><strong>2393</strong></span> <span class='ocrx_word' id='word_1_50' title='bbox 651 2080 678 2129; x_wconf 85' lang='lat' dir='ltr'><strong>Z.</strong></span> <span class='ocrx_word' id='word_1_51' title='bbox 693 2078 725 2127; x_wconf 80' lang='lat' dir='ltr'><strong>iv.</strong></span> <span class='ocrx_word' id='word_1_52' title='bbox 738 2083 786 2135; x_wconf 79' lang='lat' dir='ltr'><strong>as;</strong></span> <span class='ocrx_word' id='word_1_53' title='bbox 812 2078 875 2141; x_wconf 90' lang='lat' dir='ltr'><strong>Lup.</strong></span> <span class='ocrx_word' id='word_1_54' title='bbox 888 2078 921 2127; x_wconf 86' lang='lat' dir='ltr'><strong>ir.</strong></span> <span class='ocrx_word' id='word_1_55' title='bbox 934 2082 980 2137; x_wconf 60' lang='grc' dir='ltr'><strong>ὣς</strong></span> <span class='ocrx_word' id='word_1_56' title='bbox 1004 2078 1093 2127; x_wconf 84' lang='lat' dir='ltr'><strong>Thom.</strong></span> <span class='ocrx_word' id='word_1_57' title='bbox 1109 2080 1177 2137; x_wconf 80' lang='grc'>160.)</span> 
     </span>
    </p>
   </div>
   <div class='ocr_carea' id='block_1_6' title="bbox 231 2208 1432 4528">
    <p class='ocr_par' dir='ltr' id='par_1_6' title="bbox 231 2208 1432 4528">
     <span class='ocr_line' id='line_1_10' title="bbox 275 2208 1346 2299; baseline -0.003 -26"><span class='ocrx_word' id='word_1_58' title='bbox 275 2209 324 2273; x_wconf 87' lang='lat' dir='ltr'><strong>Ut</strong></span> <span class='ocrx_word' id='word_1_59' title='bbox 347 2210 472 2295; x_wconf 83' lang='lat' dir='ltr'><strong>aliquid</strong></span> <span class='ocrx_word' id='word_1_60' title='bbox 496 2208 602 2273; x_wconf 90' lang='lat' dir='ltr'><strong>simile</strong></span> <span class='ocrx_word' id='word_1_61' title='bbox 626 2208 798 2293; x_wconf 87' lang='lat' dir='ltr'><strong>loquamur</strong></span> <span class='ocrx_word' id='word_1_62' title='bbox 821 2208 977 2294; x_wconf 85' lang='lat' dir='ltr'><strong>apostolo,</strong></span> <span class='ocrx_word' id='word_1_63' title='bbox 1000 2208 1126 2293; x_wconf 83' lang='lat' dir='ltr'><strong>gratias</strong></span> <span class='ocrx_word' id='word_1_64' title='bbox 1149 2208 1278 2293; x_wconf 87' lang='lat' dir='ltr'><strong>agimus</strong></span> <span class='ocrx_word' id='word_1_65' title='bbox 1291 2222 1346 2299; x_wconf 67' lang='lat' dir='ltr'><strong>rue</strong></span> 
     </span>
     <span class='ocr_line' id='line_1_11' title="bbox 231 2288 1432 2403; baseline -0.002 -28"><span class='ocrx_word' id='word_1_66' title='bbox 231 2311 302 2375; x_wconf 85' lang='lat' dir='ltr'><strong>Deo</strong></span> <span class='ocrx_word' id='word_1_67' title='bbox 325 2315 381 2397; x_wconf 83' lang='lat' dir='ltr'><strong>qui</strong></span> <span class='ocrx_word' id='word_1_68' title='bbox 414 2313 544 2376; x_wconf 90' lang='lat' dir='ltr'><strong>odorem</strong></span> <span class='ocrx_word' id='word_1_69' title='bbox 577 2311 705 2375; x_wconf 75' lang='lat' dir='ltr'><strong>notitire</strong></span> <span class='ocrx_word' id='word_1_70' title='bbox 745 2332 813 2374; x_wconf 87' lang='lat' dir='ltr'><strong>suae</strong></span> <span class='ocrx_word' id='word_1_71' title='bbox 844 2333 903 2395; x_wconf 92' lang='lat' dir='ltr'><strong>per</strong></span> <span class='ocrx_word' id='word_1_72' title='bbox 930 2332 988 2373; x_wconf 90' lang='lat' dir='ltr'><strong>vos</strong></span> <span class='ocrx_word' id='word_1_73' title='bbox 1019 2310 1212 2375; x_wconf 78' lang='lat' dir='ltr'><strong>manifestat</strong></span> <span class='ocrx_word' id='word_1_74' title='bbox 1245 2311 1280 2373; x_wconf 91' lang='lat' dir='ltr'><strong>in</strong></span> <span class='ocrx_word' id='word_1_75' title='bbox 1292 2288 1432 2403; x_wconf 42' lang='lat' dir='ltr'><strong>{¹2:¹33ssssoe</strong></span> 
     </span>
     <span class='ocr_line' id='line_1_12' title="bbox 232 2412 1383 2498; baseline -0.004 -23"><span class='ocrx_word' id='word_1_76' title='bbox 232 2414 321 2476; x_wconf 92' lang='lat' dir='ltr'><strong>omni</strong></span> <span class='ocrx_word' id='word_1_77' title='bbox 354 2413 432 2492; x_wconf 91' lang='lat' dir='ltr'><strong>loco,</strong></span> <span class='ocrx_word' id='word_1_78' title='bbox 464 2414 631 2498; x_wconf 86' lang='lat' dir='ltr'><strong>quoniam,</strong></span> <span class='ocrx_word' id='word_1_79' title='bbox 669 2413 755 2477; x_wconf 88' lang='lat' dir='ltr'><strong>sieut</strong></span> <span class='ocrx_word' id='word_1_80' title='bbox 788 2412 876 2476; x_wconf 84' lang='lat' dir='ltr'><strong>fama</strong></span> <span class='ocrx_word' id='word_1_81' title='bbox 899 2412 1058 2497; x_wconf 85' lang='lat' dir='ltr'><strong>vulgante</strong></span> <span class='ocrx_word' id='word_1_82' title='bbox 1097 2413 1280 2487; x_wconf 79' lang='lat' dir='ltr'>didicimus,</span> <span class='ocrx_word' id='word_1_83' title='bbox 1294 2430 1320 2470; x_wconf 87' lang='grc' dir='ltr'><strong>ιο</strong></span> <span class='ocrx_word' id='word_1_84' title='bbox 1333 2422 1383 2470; x_wconf 82' lang='lat' dir='ltr'><strong>ute</strong></span> 
     </span>
     <span class='ocr_line' id='line_1_13' title="bbox 233 2499 1430 2599; baseline 0.003 -22"><span class='ocrx_word' id='word_1_85' title='bbox 233 2517 313 2578; x_wconf 83' lang='lat' dir='ltr'><strong>lidos</strong></span> <span class='ocrx_word' id='word_1_86' title='bbox 342 2522 452 2580; x_wconf 81' lang='lat' dir='ltr'><strong>vostra</strong></span> <span class='ocrx_word' id='word_1_87' title='bbox 483 2519 516 2579; x_wconf 94' lang='lat' dir='ltr'><strong>in</strong></span> <span class='ocrx_word' id='word_1_88' title='bbox 548 2515 688 2580; x_wconf 86' lang='lat' dir='ltr'><strong>articulo</strong></span> <span class='ocrx_word' id='word_1_89' title='bbox 721 2515 927 2599; x_wconf 70' lang='lat' dir='ltr'><strong>tempestatis</strong></span> <span class='ocrx_word' id='word_1_90' title='bbox 958 2515 1059 2599; x_wconf 88' lang='lat' dir='ltr'><strong>hujus</strong></span> <span class='ocrx_word' id='word_1_91' title='bbox 1092 2515 1225 2591; x_wconf 84' lang='lat' dir='ltr'><strong>enituit,</strong></span> <span class='ocrx_word' id='word_1_92' title='bbox 1248 2499 1430 2580; x_wconf 57' lang='lat' dir='ltr'><strong>etmeasures.</strong></span> 
     </span>
     <span class='ocr_line' id='line_1_14' title="bbox 234 2616 1283 2693; baseline -0.001 -11"><span class='ocrx_word' id='word_1_93' title='bbox 234 2618 352 2682; x_wconf 83' lang='lat' dir='ltr'><strong>caritas</strong></span> <span class='ocrx_word' id='word_1_94' title='bbox 376 2618 600 2681; x_wconf 86' lang='lat' dir='ltr'><strong>abundantius</strong></span> <span class='ocrx_word' id='word_1_95' title='bbox 623 2616 756 2693; x_wconf 86' lang='lat' dir='ltr'><strong>eilirlsit,</strong></span> <span class='ocrx_word' id='word_1_96' title='bbox 772 2617 806 2679; x_wconf 94' lang='lat' dir='ltr'><strong>in</strong></span> <span class='ocrx_word' id='word_1_97' title='bbox 823 2617 976 2681; x_wconf 87' lang='lat' dir='ltr'><strong>columna</strong></span> <span class='ocrx_word' id='word_1_98' title='bbox 991 2618 1127 2681; x_wconf 89' lang='lat' dir='ltr'><strong>virtutis</strong></span> <span class='ocrx_word' id='word_1_99' title='bbox 1152 2625 1283 2681; x_wconf 87' lang='lat' dir='ltr'><strong>ostensa</strong></span> 
     </span>
     <span class='ocr_line' id='line_1_15' title="bbox 234 2718 1283 2803; baseline -0.002 -20"><span class='ocrx_word' id='word_1_100' title='bbox 234 2726 269 2783; x_wconf 89' lang='lat' dir='ltr'><strong>et</strong></span> <span class='ocrx_word' id='word_1_101' title='bbox 292 2719 443 2783; x_wconf 81' lang='lat' dir='ltr'><strong>exhibita</strong></span> <span class='ocrx_word' id='word_1_102' title='bbox 464 2721 664 2783; x_wconf 85' lang='lat' dir='ltr'><strong>auctoritate</strong></span> <span class='ocrx_word' id='word_1_103' title='bbox 689 2718 862 2803; x_wconf 88' lang='lat' dir='ltr'><strong>pontificis.</strong></span> <span class='ocrx_word' id='word_1_104' title='bbox 911 2718 999 2781; x_wconf 88' lang='lat' dir='ltr'><strong>Num</strong></span> <span class='ocrx_word' id='word_1_105' title='bbox 1015 2720 1174 2783; x_wconf 87' lang='lat' dir='ltr'><strong>adversus</strong></span> <span class='ocrx_word' id='word_1_106' title='bbox 1196 2719 1283 2783; x_wconf 85' lang='lat' dir='ltr'><strong>filios</strong></span> 
     </span>
     <span class='ocr_line' id='line_1_16' title="bbox 236 2820 1283 2907; baseline 0.002 -26"><span class='ocrx_word' id='word_1_107' title='bbox 236 2822 429 2887; x_wconf 74' lang='lat' dir='ltr'><strong>diffidentia</strong></span> <span class='ocrx_word' id='word_1_108' title='bbox 448 2822 550 2905; x_wconf 79' lang='lat' dir='ltr'><strong>(viros</strong></span> <span class='ocrx_word' id='word_1_109' title='bbox 566 2821 680 2898; x_wconf 86' lang='lat' dir='ltr'><strong>Belial,</strong></span> <span class='ocrx_word' id='word_1_110' title='bbox 698 2822 733 2884; x_wconf 92' lang='lat' dir='ltr'><strong>in</strong></span> <span class='ocrx_word' id='word_1_111' title='bbox 757 2822 877 2906; x_wconf 89' lang='lat' dir='ltr'><strong>quibus</strong></span> <span class='ocrx_word' id='word_1_112' title='bbox 900 2820 1065 2885; x_wconf 85' lang='lat' dir='ltr'><strong>Suthanas</strong></span> <span class='ocrx_word' id='word_1_113' title='bbox 1088 2821 1283 2907; x_wconf 81' lang='lat' dir='ltr'><strong>mysterium</strong></span> 
     </span>
     <span class='ocr_line' id='line_1_17' title="bbox 237 2922 1285 3009; baseline 0.001 -24"><span class='ocrx_word' id='word_1_114' title='bbox 237 2924 423 3007; x_wconf 85' lang='lat' dir='ltr'><strong>iniquitatis</strong></span> <span class='ocrx_word' id='word_1_115' title='bbox 456 2925 623 3007; x_wconf 84' lang='lat' dir='ltr'><strong>patentius</strong></span> <span class='ocrx_word' id='word_1_116' title='bbox 660 2925 829 3006; x_wconf 83' lang='lat' dir='ltr'><strong>operatur)</strong></span> <span class='ocrx_word' id='word_1_117' title='bbox 864 2945 938 2988; x_wconf 91' lang='lat' dir='ltr'><strong>cum</strong></span> <span class='ocrx_word' id='word_1_118' title='bbox 976 2945 1081 3009; x_wconf 86' lang='lat' dir='ltr'><strong>nuper</strong></span> <span class='ocrx_word' id='word_1_119' title='bbox 1118 2922 1285 2989; x_wconf 82' lang='lat' dir='ltr'><strong>eeclesiam</strong></span> 
     </span>
     <span class='ocr_line' id='line_1_18' title="bbox 237 3023 1288 3107; baseline 0.002 -22"><span class='ocrx_word' id='word_1_120' title='bbox 237 3024 383 3087; x_wconf 85' lang='lat' dir='ltr'><strong>scindere</strong></span> <span class='ocrx_word' id='word_1_121' title='bbox 411 3023 600 3097; x_wconf 84' lang='lat' dir='ltr'><strong>voluissent,</strong></span> <span class='ocrx_word' id='word_1_122' title='bbox 624 3029 658 3086; x_wconf 93' lang='lat' dir='ltr'><strong>et</strong></span> <span class='ocrx_word' id='word_1_123' title='bbox 688 3023 828 3086; x_wconf 82' lang='lat' dir='ltr'><strong>extortis</strong></span> <span class='ocrx_word' id='word_1_124' title='bbox 855 3023 1052 3107; x_wconf 83' lang='lat' dir='ltr'><strong>juramentis</strong></span> <span class='ocrx_word' id='word_1_125' title='bbox 1082 3030 1288 3089; x_wconf 78' lang='lat' dir='ltr'><strong>attentarent</strong></span> 
     </span>
     <span class='ocr_line' id='line_1_19' title="bbox 238 3123 1287 3209; baseline 0.003 -22"><span class='ocrx_word' id='word_1_126' title='bbox 238 3123 435 3188; x_wconf 65' lang='lat' dir='ltr'><strong>obedieutiae</strong></span> <span class='ocrx_word' id='word_1_127' title='bbox 467 3133 501 3189; x_wconf 89' lang='lat' dir='ltr'><strong>ct</strong></span> <span class='ocrx_word' id='word_1_128' title='bbox 532 3124 610 3186; x_wconf 86' lang='lat' dir='ltr'><strong>fidei</strong></span> <span class='ocrx_word' id='word_1_129' title='bbox 632 3124 793 3187; x_wconf 82' lang='lat' dir='ltr'><strong>virtutem</strong></span> <span class='ocrx_word' id='word_1_130' title='bbox 826 3125 1044 3209; x_wconf 82' lang='lat' dir='ltr'><strong>exstinguere,</strong></span> <span class='ocrx_word' id='word_1_131' title='bbox 1069 3147 1126 3189; x_wconf 85' lang='lat' dir='ltr'><strong>vos</strong></span> <span class='ocrx_word' id='word_1_132' title='bbox 1158 3148 1200 3190; x_wconf 84' lang='lat' dir='ltr'><strong>ex</strong></span> <span class='ocrx_word' id='word_1_133' title='bbox 1230 3126 1287 3190; x_wconf 79' lang='lat' dir='ltr'><strong>ad·</strong></span> 
     </span>
     <span class='ocr_line' id='line_1_20' title="bbox 238 3227 1288 3314; baseline 0.004 -25"><span class='ocrx_word' id='word_1_134' title='bbox 238 3249 331 3291; x_wconf 84' lang='lat' dir='ltr'><strong>verso</strong></span> <span class='ocrx_word' id='word_1_135' title='bbox 347 3227 582 3291; x_wconf 75' lang='lat' dir='ltr'><strong>alscendentes</strong></span> <span class='ocrx_word' id='word_1_136' title='bbox 604 3228 805 3311; x_wconf 87' lang='lat' dir='ltr'><strong>opposuistis</strong></span> <span class='ocrx_word' id='word_1_137' title='bbox 828 3250 960 3291; x_wconf 90' lang='lat' dir='ltr'><strong>murum</strong></span> <span class='ocrx_word' id='word_1_138' title='bbox 983 3249 1043 3314; x_wconf 90' lang='lat' dir='ltr'><strong>pro</strong></span> <span class='ocrx_word' id='word_1_139' title='bbox 1059 3228 1155 3293; x_wconf 92' lang='lat' dir='ltr'><strong>domo</strong></span> <span class='ocrx_word' id='word_1_140' title='bbox 1177 3229 1288 3304; x_wconf 83' lang='lat' dir='ltr'><strong>Israel,</strong></span> 
     </span>
     <span class='ocr_line' id='line_1_21' title="bbox 238 3330 1290 3417; baseline 0.002 -23"><span class='ocrx_word' id='word_1_141' title='bbox 238 3338 273 3394; x_wconf 85' lang='lat' dir='ltr'><strong>ct</strong></span> <span class='ocrx_word' id='word_1_142' title='bbox 303 3330 472 3394; x_wconf 81' lang='lat' dir='ltr'><strong>audaciam</strong></span> <span class='ocrx_word' id='word_1_143' title='bbox 505 3351 617 3392; x_wconf 90' lang='lat' dir='ltr'><strong>eorum</strong></span> <span class='ocrx_word' id='word_1_144' title='bbox 650 3331 850 3415; x_wconf 83' lang='lat' dir='ltr'><strong>repressistis</strong></span> <span class='ocrx_word' id='word_1_145' title='bbox 882 3332 917 3394; x_wconf 89' lang='lat' dir='ltr'><strong>in</strong></span> <span class='ocrx_word' id='word_1_146' title='bbox 951 3332 1072 3417; x_wconf 90' lang='lat' dir='ltr'><strong>spiritu</strong></span> <span class='ocrx_word' id='word_1_147' title='bbox 1103 3338 1137 3397; x_wconf 85' lang='lat' dir='ltr'><strong>ct</strong></span> <span class='ocrx_word' id='word_1_148' title='bbox 1164 3333 1290 3396; x_wconf 76' lang='lat' dir='ltr'><strong>virtute</strong></span> 
     </span>
     <span class='ocr_line' id='line_1_22' title="bbox 240 3431 1290 3517; baseline 0.002 -24"><span class='ocrx_word' id='word_1_149' title='bbox 240 3431 355 3504; x_wconf 69' lang='lat' dir='ltr'><strong>Helias,</strong></span> <span class='ocrx_word' id='word_1_150' title='bbox 379 3438 413 3493; x_wconf 88' lang='lat' dir='ltr'><strong>ct</strong></span> <span class='ocrx_word' id='word_1_151' title='bbox 436 3431 533 3495; x_wconf 84' lang='lat' dir='ltr'><strong>eorda</strong></span> <span class='ocrx_word' id='word_1_152' title='bbox 556 3452 668 3493; x_wconf 90' lang='lat' dir='ltr'><strong>corum</strong></span> <span class='ocrx_word' id='word_1_153' title='bbox 692 3431 749 3514; x_wconf 85' lang='lat' dir='ltr'><strong>qui</strong></span> <span class='ocrx_word' id='word_1_154' title='bbox 781 3433 950 3517; x_wconf 84' lang='lat' dir='ltr'><strong>pavebant</strong></span> <span class='ocrx_word' id='word_1_155' title='bbox 973 3433 1008 3496; x_wconf 91' lang='lat' dir='ltr'><strong>in</strong></span> <span class='ocrx_word' id='word_1_156' title='bbox 1031 3432 1116 3497; x_wconf 86' lang='lat' dir='ltr'><strong>clero</strong></span> <span class='ocrx_word' id='word_1_157' title='bbox 1139 3433 1290 3510; x_wconf 82' lang='lat' dir='ltr'><strong>viriliter,</strong></span> 
     </span>
     <span class='ocr_line' id='line_1_23' title="bbox 241 3531 1290 3618; baseline 0.005 -25"><span class='ocrx_word' id='word_1_158' title='bbox 241 3539 278 3595; x_wconf 96' lang='lat' dir='ltr'><strong>ut</strong></span> <span class='ocrx_word' id='word_1_159' title='bbox 301 3532 457 3616; x_wconf 89' lang='lat' dir='ltr'><strong>oportuit,</strong></span> <span class='ocrx_word' id='word_1_160' title='bbox 474 3531 635 3606; x_wconf 81' lang='lat' dir='ltr'><strong>erexistis,</strong></span> <span class='ocrx_word' id='word_1_161' title='bbox 652 3538 690 3595; x_wconf 92' lang='lat' dir='ltr'><strong>ut</strong></span> <span class='ocrx_word' id='word_1_162' title='bbox 713 3532 819 3596; x_wconf 84' lang='lat' dir='ltr'><strong>Deum</strong></span> <span class='ocrx_word' id='word_1_163' title='bbox 845 3532 1034 3597; x_wconf 89' lang='lat' dir='ltr'><strong>hominibus</strong></span> <span class='ocrx_word' id='word_1_164' title='bbox 1057 3533 1290 3618; x_wconf 67' lang='lat' dir='ltr'><strong>praetimerent,</strong></span> 
     </span>
     <span class='ocr_line' id='line_1_24' title="bbox 241 3633 1291 3718; baseline 0.002 -21"><span class='ocrx_word' id='word_1_165' title='bbox 241 3640 274 3697; x_wconf 88' lang='lat' dir='ltr'><strong>et</strong></span> <span class='ocrx_word' id='word_1_166' title='bbox 299 3633 439 3717; x_wconf 78' lang='lat' dir='ltr'><strong>vestigia</strong></span> <span class='ocrx_word' id='word_1_167' title='bbox 463 3642 594 3718; x_wconf 86' lang='lat' dir='ltr'><strong>patrum</strong></span> <span class='ocrx_word' id='word_1_168' title='bbox 626 3640 841 3716; x_wconf 85' lang='lat' dir='ltr'><strong>sequerentur·</strong></span> <span class='ocrx_word' id='word_1_169' title='bbox 863 3635 897 3697; x_wconf 90' lang='lat' dir='ltr'><strong>in</strong></span> <span class='ocrx_word' id='word_1_170' title='bbox 922 3634 1065 3699; x_wconf 79' lang='lat' dir='ltr'><strong>Christo.</strong></span> <span class='ocrx_word' id='word_1_171' title='bbox 1112 3636 1173 3700; x_wconf 92' lang='lat' dir='ltr'><strong>Ille</strong></span> <span class='ocrx_word' id='word_1_172' title='bbox 1197 3636 1291 3700; x_wconf 87' lang='lat' dir='ltr'><strong>vobis</strong></span> 
     </span>
     <span class='ocr_line' id='line_1_25' title="bbox 242 3734 1291 3819; baseline 0.005 -22"><span class='ocrx_word' id='word_1_173' title='bbox 242 3737 275 3797; x_wconf 90' lang='lat' dir='ltr'><strong>iu</strong></span> <span class='ocrx_word' id='word_1_174' title='bbox 300 3734 352 3796; x_wconf 88' lang='lat' dir='ltr'><strong>lris</strong></span> <span class='ocrx_word' id='word_1_175' title='bbox 375 3735 508 3817; x_wconf 87' lang='lat' dir='ltr'><strong>adjutor</strong></span> <span class='ocrx_word' id='word_1_176' title='bbox 522 3734 632 3799; x_wconf 83' lang='lat' dir='ltr'><strong>astitit</strong></span> <span class='ocrx_word' id='word_1_177' title='bbox 655 3735 711 3818; x_wconf 90' lang='lat' dir='ltr'><strong>qui</strong></span> <span class='ocrx_word' id='word_1_178' title='bbox 736 3736 1012 3819; x_wconf 82' lang='lat' dir='ltr'><strong>perseverantiam</strong></span> <span class='ocrx_word' id='word_1_179' title='bbox 1036 3744 1179 3801; x_wconf 87' lang='lat' dir='ltr'><strong>vestram</strong></span> <span class='ocrx_word' id='word_1_180' title='bbox 1203 3759 1291 3804; x_wconf 90' lang='lat' dir='ltr'><strong>coro-</strong></span> 
     </span>
     <span class='ocr_line' id='line_1_26' title="bbox 243 3834 1291 3923; baseline 0.003 -25"><span class='ocrx_word' id='word_1_181' title='bbox 243 3836 337 3899; x_wconf 86' lang='lat' dir='ltr'><strong>nabit</strong></span> <span class='ocrx_word' id='word_1_182' title='bbox 364 3837 398 3898; x_wconf 92' lang='lat' dir='ltr'><strong>in</strong></span> <span class='ocrx_word' id='word_1_183' title='bbox 422 3836 510 3912; x_wconf 81' lang='lat' dir='ltr'><strong>eaelo,</strong></span> <span class='ocrx_word' id='word_1_184' title='bbox 534 3843 567 3899; x_wconf 89' lang='lat' dir='ltr'><strong>et</strong></span> <span class='ocrx_word' id='word_1_185' title='bbox 590 3835 645 3900; x_wconf 89' lang='lat' dir='ltr'><strong>lrie</strong></span> <span class='ocrx_word' id='word_1_186' title='bbox 674 3836 709 3897; x_wconf 93' lang='lat' dir='ltr'><strong>in</strong></span> <span class='ocrx_word' id='word_1_187' title='bbox 734 3834 827 3898; x_wconf 79' lang='lat' dir='ltr'><strong>brevi</strong></span> <span class='ocrx_word' id='word_1_188' title='bbox 857 3836 1090 3913; x_wconf 85' lang='lat' dir='ltr'><strong>consolabitur,</strong></span> <span class='ocrx_word' id='word_1_189' title='bbox 1113 3837 1291 3923; x_wconf 88' lang='lat' dir='ltr'><strong>subjiciens</strong></span> 
     </span>
     <span class='ocr_line' id='line_1_27' title="bbox 241 3936 1294 4024; baseline 0.003 -23"><span class='ocrx_word' id='word_1_190' title='bbox 241 3961 295 4001; x_wconf 89' lang='lat' dir='ltr'><strong>cos</strong></span> <span class='ocrx_word' id='word_1_191' title='bbox 318 3938 456 4022; x_wconf 80' lang='lat' dir='ltr'><strong>pedibus</strong></span> <span class='ocrx_word' id='word_1_192' title='bbox 472 3938 592 4001; x_wconf 81' lang='lat' dir='ltr'><strong>vestris</strong></span> <span class='ocrx_word' id='word_1_193' title='bbox 608 3938 663 4020; x_wconf 81' lang='lat' dir='ltr'><strong>qui</strong></span> <span class='ocrx_word' id='word_1_194' title='bbox 680 3937 837 4000; x_wconf 81' lang='lat' dir='ltr'><strong>aduersus</strong></span> <span class='ocrx_word' id='word_1_195' title='bbox 860 3936 1049 4014; x_wconf 89' lang='lat' dir='ltr'><strong>Dominum,</strong></span> <span class='ocrx_word' id='word_1_196' title='bbox 1073 3939 1113 4003; x_wconf 90' lang='lat' dir='ltr'><strong>de</strong></span> <span class='ocrx_word' id='word_1_197' title='bbox 1135 3940 1294 4024; x_wconf 85' lang='lat' dir='ltr'><strong>permissa</strong></span> 
     </span>
     <span class='ocr_line' id='line_1_28' title="bbox 241 4035 1292 4126; baseline 0.003 -25"><span class='ocrx_word' id='word_1_198' title='bbox 241 4040 304 4101; x_wconf 89' lang='lat' dir='ltr'><strong>sibi</strong></span> <span class='ocrx_word' id='word_1_199' title='bbox 328 4045 556 4102; x_wconf 83' lang='lat' dir='ltr'><strong>momentanea</strong></span> <span class='ocrx_word' id='word_1_200' title='bbox 572 4037 747 4123; x_wconf 87' lang='lat' dir='ltr'><strong>potcstatis</strong></span> <span class='ocrx_word' id='word_1_201' title='bbox 770 4035 987 4122; x_wconf 86' lang='lat' dir='ltr'><strong>indulgentia,</strong></span> <span class='ocrx_word' id='word_1_202' title='bbox 1010 4038 1173 4103; x_wconf 87' lang='lat' dir='ltr'><strong>fallaciter</strong></span> <span class='ocrx_word' id='word_1_203' title='bbox 1193 4041 1292 4126; x_wconf 91' lang='lat' dir='ltr'><strong>glori-</strong></span> 
     </span>
     <span class='ocr_line' id='line_1_29' title="bbox 242 4137 1292 4226; baseline 0.003 -25"><span class='ocrx_word' id='word_1_204' title='bbox 242 4148 348 4203; x_wconf 84' lang='lat' dir='ltr'><strong>antur.</strong></span> <span class='ocrx_word' id='word_1_205' title='bbox 411 4140 506 4203; x_wconf 82' lang='lat' dir='ltr'><strong>State</strong></span> <span class='ocrx_word' id='word_1_206' title='bbox 530 4160 606 4224; x_wconf 88' lang='lat' dir='ltr'><strong>crgo</strong></span> <span class='ocrx_word' id='word_1_207' title='bbox 638 4138 734 4201; x_wconf 89' lang='lat' dir='ltr'><strong>ineo</strong></span> <span class='ocrx_word' id='word_1_208' title='bbox 757 4137 846 4220; x_wconf 89' lang='lat' dir='ltr'><strong>quod</strong></span> <span class='ocrx_word' id='word_1_209' title='bbox 869 4140 1023 4224; x_wconf 67' lang='lat' dir='ltr'><strong>coepistis,</strong></span> <span class='ocrx_word' id='word_1_210' title='bbox 1046 4148 1080 4205; x_wconf 87' lang='lat' dir='ltr'><strong>ct</strong></span> <span class='ocrx_word' id='word_1_211' title='bbox 1104 4163 1201 4225; x_wconf 88' lang='lat' dir='ltr'><strong>quam</strong></span> <span class='ocrx_word' id='word_1_212' title='bbox 1221 4143 1292 4226; x_wconf 84' lang='lat' dir='ltr'><strong>jam</strong></span> 
     </span>
     <span class='ocr_line' id='line_1_30' title="bbox 243 4240 1293 4327; baseline 0.002 -22"><span class='ocrx_word' id='word_1_213' title='bbox 243 4242 468 4326; x_wconf 87' lang='lat' dir='ltr'><strong>promeruistis</strong></span> <span class='ocrx_word' id='word_1_214' title='bbox 483 4242 492 4278; x_wconf 85' lang='lat'>¹</span> <span class='ocrx_word' id='word_1_215' title='bbox 513 4262 666 4305; x_wconf 85' lang='lat' dir='ltr'><strong>eoronam</strong></span> <span class='ocrx_word' id='word_1_216' title='bbox 682 4240 758 4303; x_wconf 85' lang='lat' dir='ltr'><strong>fidei</strong></span> <span class='ocrx_word' id='word_1_217' title='bbox 776 4240 1017 4305; x_wconf 86' lang='lat' dir='ltr'><strong>intermissione</strong></span> <span class='ocrx_word' id='word_1_218' title='bbox 1032 4242 1136 4306; x_wconf 87' lang='lat' dir='ltr'><strong>nolite</strong></span> <span class='ocrx_word' id='word_1_219' title='bbox 1151 4243 1293 4327; x_wconf 84' lang='lat' dir='ltr'><strong>rejicere,</strong></span> 
     </span>
     <span class='ocr_line' id='line_1_31' title="bbox 243 4339 1293 4426; baseline 0.002 -23"><span class='ocrx_word' id='word_1_220' title='bbox 243 4343 365 4426; x_wconf 82' lang='lat' dir='ltr'><strong>quibus</strong></span> <span class='ocrx_word' id='word_1_221' title='bbox 399 4341 541 4407; x_wconf 88' lang='lat' dir='ltr'><strong>anchora</strong></span> <span class='ocrx_word' id='word_1_222' title='bbox 581 4362 640 4425; x_wconf 86' lang='lat' dir='ltr'><strong>per·</strong></span> <span class='ocrx_word' id='word_1_223' title='bbox 672 4340 812 4425; x_wconf 79' lang='lat' dir='ltr'><strong>gratiam</strong></span> <span class='ocrx_word' id='word_1_224' title='bbox 848 4339 911 4404; x_wconf 92' lang='lat' dir='ltr'><strong>Dei</strong></span> <span class='ocrx_word' id='word_1_225' title='bbox 944 4342 1082 4405; x_wconf 85' lang='lat' dir='ltr'><strong>tirmiter</strong></span> <span class='ocrx_word' id='word_1_226' title='bbox 1113 4342 1219 4407; x_wconf 83' lang='lat' dir='ltr'><strong>lraeret</strong></span> <span class='ocrx_word' id='word_1_227' title='bbox 1257 4344 1293 4405; x_wconf 93' lang='lat' dir='ltr'><strong>in</strong></span> 
     </span>
     <span class='ocr_line' id='line_1_32' title="bbox 244 4441 1294 4528; baseline 0.005 -25"><span class='ocrx_word' id='word_1_228' title='bbox 244 4450 341 4528; x_wconf 90' lang='lat' dir='ltr'><strong>portu</strong></span> <span class='ocrx_word' id='word_1_229' title='bbox 365 4443 597 4508; x_wconf 84' lang='lat' dir='ltr'><strong>consolationis</strong></span> <span class='ocrx_word' id='word_1_230' title='bbox 621 4450 654 4507; x_wconf 92' lang='lat' dir='ltr'><strong>et</strong></span> <span class='ocrx_word' id='word_1_231' title='bbox 678 4443 774 4527; x_wconf 87' lang='lat' dir='ltr'><strong>pacis.</strong></span> <span class='ocrx_word' id='word_1_232' title='bbox 824 4441 1004 4517; x_wconf 75' lang='lat' dir='ltr'><strong>l&#39;rovidete,</strong></span> <span class='ocrx_word' id='word_1_233' title='bbox 1020 4464 1063 4506; x_wconf 86' lang='lat' dir='ltr'><strong>ne</strong></span> <span class='ocrx_word' id='word_1_234' title='bbox 1079 4465 1137 4508; x_wconf 88' lang='lat' dir='ltr'><strong>vos</strong></span> <span class='ocrx_word' id='word_1_235' title='bbox 1160 4445 1294 4509; x_wconf 89' lang='lat' dir='ltr'><strong>interim</strong></span> 
     </span>
    </p>
   </div>
   <div class='ocr_carea' id='block_1_7' title="bbox 643 4661 884 4724">
    <p class='ocr_par' dir='ltr' id='par_1_7' title="bbox 643 4661 884 4724">
     <span class='ocr_line' id='line_1_33' title="bbox 643 4661 884 4724; baseline -0.008 -12"><span class='ocrx_word' id='word_1_236' title='bbox 643 4661 649 4691; x_wconf 90' lang='lat'><strong>¹</strong></span> <span class='ocrx_word' id='word_1_237' title='bbox 667 4661 836 4724; x_wconf 79' lang='lat' dir='ltr'><strong>proruerm&#39;sti,</strong></span> <span class='ocrx_word' id='word_1_238' title='bbox 850 4662 884 4710; x_wconf 79' lang='grc' dir='ltr'><strong>Α.</strong></span> 
     </span>
    </p>
   </div>
   <div class='ocr_carea' id='block_1_8' title="bbox 0 0 1677 5662">
    <p class='ocr_par' dir='ltr' id='par_1_8' title="bbox 0 0 1677 5662">
     <span class='ocr_line' id='line_1_34' title="bbox 0 0 1677 5662; baseline 0 0"><span class='ocrx_word' id='word_1_239' title='bbox 0 0 1677 5662; x_wconf 95' lang='lat' dir='ltr'><strong> </strong></span> 
     </span>
    </p>
   </div>
  </div>
 </body>
</html>
