3278 5662
257 791 321 840 in.
340 770 450 859 nro]
692 789 870 840 srrsroms
1247 779 1311 842 253

256 995 331 1058 quae
353 974 496 1040 solidata
517 975 656 1040 caritate
679 974 844 1061 repletur;
866 981 901 1041 ct
919 997 993 1061 quae
1008 997 1118 1041 rerum
1141 976 1313 1041 levitatem

256 1075 398 1159 praefert,
445 1081 479 1141 et
534 1076 622 1142 fictae
676 1076 862 1142 dilectionis
907 1077 1100 1142 umbratiles
1146 1076 1314 1143 ostentat²

256 1176 425 1263 imagines,
458 1178 631 1263 suspendit
653 1178 690 1242 in
722 1200 826 1244 auras.
873 1181 1082 1245 Perseverate
1106 1202 1182 1266 ergo
1205 1180 1241 1244 in
1276 1202 1314 1245 eo

257 1278 345 1363 quod
380 1279 522 1344 fideliter
555 1281 734 1366 incepistis,
769 1286 803 1345 et
837 1281 1048 1346 devotionern
1086 1303 1185 1367 quam
1224 1285 1314 1367 patri

257 1386 367 1445 vestro
391 1381 528 1456 debetis,
553 1387 587 1445 et
610 1381 754 1446 coclesiae
788 1380 953 1446 laboranti
984 1383 1142 1447 continua
1165 1384 1314 1447 caritatis

259 1483 466 1549 exhibitione
500 1485 653 1570 quotiens
683 1484 788 1549 fuerit
820 1493 1044 1571 opportunum
1074 1487 1241 1572 proferte²
1279 1487 1314 1552 in

258 1586 387 1663 lucem3
419 1592 457 1651 ut
500 1594 568 1651 tam
600 1609 621 1651 a
651 1587 723 1651 Deo
754 1609 853 1672 quam
883 1589 927 1653 ab
958 1590 1030 1675 ipso
1069 1589 1313 1676 archiepiscopo

257 1688 352 1752 vobis
376 1688 411 1752 in
434 1688 653 1753 retributione
685 1686 802 1753 uberi³
824 1690 1062 1774 respondeatur
1084 1712 1144 1776 pro
1177 1691 1312 1756 meritis.

258 1789 354 1868 Quod
379 1791 448 1855 Deo
471 1791 674 1876 propitiante
690 1789 844 1854 futurum
867 1796 1019 1876 speratur
1041 1792 1077 1854 in
1100 1792 1211 1856 brevi:
1235 1792 1314 1877 quia

256 1914 323 1957 non
347 1892 492 1957 creditur
514 1892 602 1977 apud
626 1913 686 1956 nos
709 1892 798 1977 quod
831 1913 898 1977 pax
931 1892 1074 1957 ecclesiis
1097 1892 1155 1956 diu
1188 1892 1312 1958 differri

256 1995 368 2079 possit.
415 1994 480 2058 Sed
504 2001 538 2058 et
562 1994 645 2058 hanc
666 1993 709 2057 ad
732 1992 888 2057 honorem
912 1993 976 2058 Dei
998 1999 1033 2059 et
1056 1993 1199 2059 ccclesiae
1223 1994 1313 2058 utili-

256 2100 361 2158 tatem
393 2095 538 2159 oreditur
569 2100 813 2180 proventuram,
837 2116 903 2158 non
928 2096 981 2178 (ut
1012 2095 1148 2180 quidam
1180 2096 1313 2161 mentiti

257 2200 350 2272 sunt)
366 2198 401 2260 in
418 2195 643 2261 confusionem
660 2196 785 2261 domini
802 2195 1053 2261 Cantuaricnsis
1068 2203 1103 2262 et
1125 2220 1237 2262 eorum
1254 2199 1312 2283 qui

257 2320 315 2383 pro
333 2299 469 2382 justitia
492 2297 733 2363 decreverunt⁴
748 2319 876 2383 ponere,
899 2299 934 2362 si¹
952 2321 1033 2385 opus
1049 2299 1162 2375 fuerit,
1184 2299 1312 2365 animas

256 2422 341 2466 suas.
387 2401 458 2465 Nec
482 2399 620 2465 doleatis
643 2400 672 2464 si
695 2399 969 2486 Rothomagensis
991 2401 1255 2487 archiepiscopus
1277 2406 1313 2467 et

256 2505 428 2589 episeopus
452 2504 483 2566 N
488 2503 671 2568 ivernensis
693 2504 730 2567 in
752 2504 909 2589 Angliam
925 2504 1101 2582 venerint3
1124 2525 1206 2588 quos
1224 2503 1312 2568 sicut

257 2626 317 2690 pro
340 2605 474 2669 eeclesia
505 2604 695 2689 plurimum,
725 2605 775 2668 ita
805 2610 921 2669 contra
951 2626 1024 2669 eam
1050 2603 1104 2669 vel
1139 2605 1311 2669 dominum

259 2705 530 2771 Cantuan'ensem
546 2712 606 2771 aut
621 2727 697 2770 suos
720 2705 807 2769 nihil
829 2706 963 2770 omnino
983 2727 1077 2792 posse
1092 2706 1311 2770 certissimum

257 2815 315 2873 est.
363 2809 427 2873 Sed
460 2830 522 2874 nec
544 2831 598 2873 eos
623 2808 708 2872 velle
731 2829 847 2873 nocere
871 2808 1053 2873 credimus:
1086 2808 1169 2893 quin
1201 2810 1312 2895 potius

256 2911 346 2997 quod
368 2912 410 2975 ad
426 2910 597 2974 honestam
614 2931 727 2996 paoem
743 2916 777 2974 et
800 2909 916 2974 utilem
932 2911 1012 2974 totis
1035 2910 1163 2975 viribus
1183 2911 1312 2978 labora·

256 3013 350 3077 bunt.
397 3011 513 3077 Haec⁶
535 3011 650 3097 scripsi
674 3033 715 3075 ne
737 3011 849 3075 nuntii
871 3012 977 3076 vestri
1008 3012 1123 3076 videar
1145 3017 1312 3101 contemp·

256 3116 334 3177 sisse
380 3136 572 3190 sermonem,
618 3113 676 3198 qui
720 3113 763 3177 ad
810 3114 1004 3199 obsequium
1050 3121 1208 3192 vestrum,
1252 3116 1312 3182 ubi

256 3216 394 3280 facultas
417 3216 558 3292 affuerit,
581 3236 654 3279 sum
676 3220 813 3300 paratus
835 3215 871 3280 in
895 3215 1045 3282 Domino.
1092 3216 1217 3285 Valete.

592 3462 963 3475 ——w

692 3634 874 3700 DCXLVI.

305 3790 525 3853 horrisono
548 3803 646 3852 sirm
669 3788 815 3851 Tnorms
837 3786 1119 3852 Oiuruimsusrs
1142 3802 1265 3853 incur·

687 3904 876 3953 anscerus

406 4041 454 4101 (n.
466 4045 513 4097 sn
531 4039 563 4089 ο.
574 4039 600 4089 ii.
613 4044 663 4097 rs;
680 4039 708 4088 z.
720 4039 747 4089 ii.
758 4044 809 4097 41;
827 4038 893 4103 nup.
904 4037 930 4087 ii.
943 4042 994 4097 ss;
1011 4039 1102 4090 riom.
1115 4042 1152 4100 s.)

300 4170 538 4235 Amantissimo
562 4169 696 4234 domino
720 4174 754 4233 ct
768 4169 857 4254 patri
879 4168 1089 4234 sanctissimo
1111 4168 1311 4244 Alexandro,

256 4273 319 4337 Dei
341 4274 450 4357 gratia
472 4293 601 4336 summo
628 4271 788 4357 pontifici,
810 4271 954 4336 'l'homas
984 4272 1111 4336 miserae
1134 4269 1310 4336 Cantuari·

289 4495 297 4527 ¹
314 4503 431 4554 ostentae,
444 4495 473 4555 Z,
485 4497 523 4554 1,;
536 4493 684 4560 pretendit,
695 4494 727 4545 G.
839 4493 851 4526 ⁴
867 4492 1006 4554 decrevere,
1018 4491 1055 4543 L.

288 4575 299 4607 ²
312 4576 437 4639 proferre,
448 4575 483 4624 V.
841 4572 852 4604 ⁶
868 4571 937 4632 Hoc,
950 4572 982 4622 G.

288 4654 299 4687 ³
316 4653 395 4714 verbi,
408 4655 441 4703 G.
