3278 5662
367 778 432 839 448
814 791 994 839 nrrsrotn.
1220 777 1300 860 [au.
1319 774 1418 840 1171.

367 983 449 1046 siam
489 981 760 1048 Cantuariensem
800 982 948 1048 violavit.
996 981 1090 1047 Heu!
1128 984 1156 1046 si
1194 983 1292 1048 scires
1330 980 1419 1067 quod

366 1084 446 1146 novi
469 1089 503 1147 et
537 1084 682 1168 portenti
705 1083 772 1148 fert
798 1083 884 1172 regis
907 1083 1090 1149 Galliorum
1125 1083 1210 1159 aula,
1246 1083 1417 1169 obstupes-

368 1206 463 1250 ceres.
511 1184 599 1248 Nam
622 1188 656 1251 et
679 1185 750 1250 caeli
775 1184 1012 1271 obstupescunt
1043 1206 1142 1271 super
1165 1184 1228 1250 hoc
1250 1206 1325 1250 cum
1359 1206 1417 1250 ex-

367 1285 576 1371 probratione
614 1308 713 1372 super
751 1286 915 1372 legatione
953 1292 1071 1350 nostra.
1132 1285 1298 1372 Scripsere
1343 1292 1437 1351 tum·

366 1385 660 1451 excellentissimus
683 1386 833 1472 princeps
856 1392 891 1452 et
914 1387 1114 1451 reverendus
1147 1391 1243 1472 pater
1265 1386 1418 1452 dominus

366 1486 530 1551 Henricus
553 1486 593 1551 de
617 1486 766 1564 Francia,
790 1487 875 1573 regis
891 1487 1093 1552 Francorum
1116 1509 1293 1573 germanus
1308 1487 1418 1565 frater,
1447 1515 1449 1519 ¹

366 1587 435 1651 dux
458 1594 493 1652 et
518 1588 779 1676 archiepiscopus
803 1589 982 1663 Remensis,
1018 1593 1090 1653 turn
1125 1588 1417 1654 reverendissimus

365 1696 459 1772 pater
474 1688 660 1753 Willelrnus
672 1689 871 1755 Senonensis
885 1690 1109 1775 archipraesul,
1126 1690 1308 1756 Henricum
1325 1689 1417 1775 Ang-

363 1790 418 1855 liac
441 1814 550 1877 regem
573 1791 776 1856 interemisse
791 1797 942 1856 sanctum
958 1791 1118 1856 Thomam
1141 1791 1415 1856 Cantuarienscm

364 1893 650 1979 archiepiscopum.
698 1893 939 1959 Obdormissern
956 1894 1084 1958 utinam
1108 1892 1206 1959 solito
1223 1893 1416 1980 profundius

364 1996 497 2080 quando
530 2000 563 2058 et
597 1994 822 2061 sanctissimus
847 2015 934 2080 papa
957 2000 991 2059 et
1023 1996 1196 2060 reverendi
1232 1995 1415 2060 Galliorum

364 2099 531 2164 antistites
569 2119 621 2161 me
657 2097 700 2162 ad
739 2096 879 2161 eundem
919 2096 1102 2163 Henricum
1141 2097 1303 2163 miserunt
1340 2117 1415 2163 cum

364 2201 497 2266 domino
542 2199 648 2285 priore
695 2197 881 2264 Carthusiae
926 2199 967 2264 de
1013 2198 1226 2264 Monte-Deil
1273 2198 1414 2264 Utinam

368 2303 577 2388 reliquissent
600 2321 659 2363 nos
692 2300 729 2362 in
751 2299 987 2365 solitudinibus
1020 2305 1175 2378 errantes,
1208 2300 1416 2366 absconditos

365 2408 402 2470 in
424 2403 572 2470 cavernis
583 2401 629 2467 'et
651 2400 814 2487 speluncis
832 2403 934 2466 'terrae
958 2400 1285 2468 Grandimonteusis!
1330 2401 1414 2466 Vide

363 2512 526 2594 quantum
572 2503 706 2589 pietatis
743 2502 898 2567 infundat
934 2503 970 2566 in
1007 2492 1063 2569 cor
1107 2524 1217 2568 meum
1262 2503 1415 2589 impietas

364 2614 467 2675 tanta.
506 2605 583 2670 Jam
599 2604 706 2688 stylus
728 2610 840 2669 noster
854 2604 1085 2692 submergitur.
1117 2605 1207 2683 Vale,
1230 2609 1265 2670 et
1287 2626 1414 2670 mecum

366 2711 526 2777 scribente
549 2705 671 2771 scribas
694 2706 737 2769 ad
759 2705 899 2769 eundern
923 2727 1041 2791 regem,
1063 2707 1091 2770 si
1116 2706 1201 2771 forte
1236 2707 1353 2771 audiat
1380 2713 1415 2771 et

367 2814 587 2879 convertatur.
633 2807 750 2871 Precor
783 2808 843 2870 fiat
873 2808 979 2873 oratio
1001 2807 1072 2873 sine
1107 2808 1349 2874 intermissione
1372 2809 1415 2884 ab

365 2913 501 2981 ecclesia
522 2914 636 2975 nostra
657 2909 700 2974 ad
723 2909 831 2973 Deum
853 2930 913 2994 pro
936 2930 987 2976 me
1010 2911 1210 2996 perturbato.
1364 2912 1368 2919 ’

790 3323 980 3392 DCOXLV.

363 3481 577 3544 Wrnussuus
599 3494 645 3540 nu
660 3475 855 3552 Terrarum,
879 3489 983 3537 rruoa
1006 3471 1351 3547 Gnsunruoursuffls
1368 3485 1416 3533 aa

606 3579 801 3642 Haurucuu
824 3578 1023 3639 Auonoauu
1046 3589 1170 3637 usuau.

721 3725 859 3785 (Marteue,
871 3721 947 3771 Thes.
959 3720 976 3770 i.
989 3723 1058 3781 561.)

408 3855 557 3921 Salutem
589 3854 624 3917 in
660 3852 708 3916 Eo
742 3850 800 3936 qui
832 3849 891 3914 dat
925 3849 1066 3913 salutem
1104 3847 1235 3933 regibus
1270 3846 1414 3915 Henrico

362 3959 546 4045 Anglorurn
569 3956 648 4042 regi,
670 3954 819 4041 graviter
851 3951 1015 4016 laboranti
1048 3950 1232 4035 praesertim
1263 3949 1298 4013 in
1330 3952 1415 4016 inte-

361 4064 446 4129 riore
470 4061 610 4137 homine,
633 4059 735 4123 frater
758 4055 944 4121 Willelmus
967 4054 1008 4119 de
1031 4053 1194 4118 Trahinac
1217 4055 1415 4119 conterritus

361 4166 397 4231 in
421 4164 660 4231 Grandimonte
683 4164 793 4226 vestro
816 4157 906 4243 prior
928 4161 961 4221 et
985 4160 1141 4242 peccator.

192 4274 325 4325 Aehurch
408 4269 503 4344 Item,
542 4265 676 4331 domine
714 4263 760 4326 mi
798 4282 866 4337 rex,
904 4259 985 4344 quid
1024 4262 1074 4322 est
1112 4257 1199 4342 quod
1236 4257 1335 4321 audio
1373 4256 1414 4323 de

191 4341 280 4471 iffi}
288 4421 340 4456 m
360 4370 480 4435 vobisl
523 4367 611 4432 Nolo
633 4387 693 4431 vos
726 4365 876 4450 ignorare
911 4361 999 4446 quod
1033 4381 1054 4424 a
1075 4359 1129 4423 die
1151 4381 1218 4445 qua
1240 4359 1415 4425 didicimus

192 4473 308 4539 buirong
362 4493 421 4536 vos
455 4469 623 4536 lethaliter
646 4466 809 4541 cecidisse,
832 4462 998 4549 operarios
1021 4461 1208 4525 remisimus
1230 4461 1414 4526 devotionis

193 4538 288 4589 forno
361 4582 481 4640 vestrae
507 4572 710 4638 aedificantes
733 4567 901 4633 ecclesiam
924 4566 1041 4629 domus
1064 4569 1132 4628 tuae
1156 4562 1413 4640 Grandimontis

191 4606 341 4735 333de
360 4699 401 4743 ne
417 4677 452 4740 in
468 4675 534 4740 ullo
558 4679 666 4739 tecum
689 4668 865 4757 participes
881 4687 1031 4732 essemus.
1078 4664 1293 4730 Considerata
1307 4665 1409 4751 siqui·
