3278 5662
320 797 385 858 302
762 815 940 864 umeromu.
1184 803 1263 887 [no.
1282 801 1379 870 1170·

318 997 385 1064 uici
422 999 530 1084 gregis
552 1000 681 1076 arietes,
713 1024 747 1066 se
782 1009 959 1088 opponant,
994 1005 1021 1068 si
1055 1027 1153 1091 snper
1186 1006 1374 1073 coronando

318 1101 405 1186 regis
443 1101 520 1178 filio,
565 1108 678 1167 nostra
717 1105 916 1170 auctoritate
955 1106 1092 1182 seclusa,
1124 1109 1374 1174 conveniantur.

317 1202 465 1287 Angelus
497 1205 608 1289 magui
631 1205 760 1270 consilii
792 1214 827 1273 et
849 1213 962 1272 nostra
994 1208 1178 1275 benedictio
1203 1211 1372 1278 vobiscum

324 1304 376 1379 sit,
400 1303 448 1368 ffli
472 1305 516 1369 mi
540 1305 712 1372 carissime.
859 1316 861 1321 “

740 1567 777 1574 ....
786 1568 1019 1577 -—-—-—-.-—-—-

748 1760 931 1829 DCLXXI.

370 1912 529 1978 Jonnuus
553 1912 845 1978 Senasuuruuusrs
867 1930 916 1977 nu
939 1932 1154 1981 convenitne
1177 1916 1317 1982 Cruru-

740 2032 926 2081 neruusun.

504 2168 550 2229 (0.
564 2171 626 2227 197;
645 2167 672 2216 Ζ.
685 2166 718 2216 ἰν.
731 2172 758 2216 ll
772 2189 779 2228 3
798 2169 864 2232 Lup.
877 2169 910 2217 iv.
923 2171 972 2228 ³63
990 2168 1035 2220 J0.
1047 2170 1101 2219 Sar.
1114 2172 1185 2232 296.)

359 2298 589 2364 Dilectissimis
623 2298 781 2364 fratribus
813 2304 847 2363 et
878 2300 991 2365 amicis
1024 2299 1208 2379 carissimis,
1242 2303 1299 2387 qui
1334 2305 1370 2367 in

313 2406 428 2467 sancta
451 2400 680 2466 Cantuariensi
703 2400 838 2466 ecclesia
868 2402 1057 2488 cougregati
1089 2408 1177 2480 sunt,
1211 2411 1246 2470 et
1280 2405 1368 2490 piam

312 2503 449 2588 sapiunt
481 2503 654 2578 unitatem,
686 2503 944 2588 proscriptorum
979 2503 1136 2568 minimus
1159 2504 1305 2570 Joannes
1328 2509 1369 2572 de

313 2605 500 2671 Saresberia
523 2624 651 2690 semper
673 2626 782 2670 coram
805 2604 891 2670 facie
912 2626 974 2670 sua
996 2605 1137 2671 feliciter
1159 2607 1337 2675 ambulare.

145 2732 261 2784 {uniuer-
359 2708 503 2792 AEquum
535 2712 595 2783 est,
632 2704 858 2781 dilectissimi}
882 2707 923 2771 do
955 2708 1074 2772 vestris
1110 2708 1255 2794 gaudere
1293 2732 1368 2796 pro·

144 2801 298 2880 ΝΜ
311 2810 460 2887 lectibus,
484 2808 614 2875 anxiari
645 2809 806 2895 periculis,
831 2809 961 2875 damnis
985 2816 1020 2876 et
1051 2811 1183 2897 injuriis
1214 2814 1368 2900 compati,

142 2867 272 2984 miii
312 2920 353 2990 et,
392 2919 553 2999 quantum
590 2911 779 2977 Christiano
817 2910 903 2988 licet,
935 2912 961 2976 si
1001 2912 1085 2979 forte
1118 2915 1222 2999 (quod
1263 2915 1365 2998 absit)

142 2997 254 3114 wll
310 3015 482 3079 immineat
504 3013 688 3079 exanimari
711 3012 849 3078 delectu.
898 3012 1024 3100 Lugere
1055 3015 1217 3100 siquidem
1249 3038 1365 3103 perum

219 3102 225 3114 ’
311 3123 369 3195 est,
392 3117 479 3203 quod
505 3116 604 3181 etiam
639 3116 675 3179 in
707 3114 852 3180 hostium
876 3136 990 3181 occasu
1019 3116 1129 3201 justos
1164 3118 1219 3202 pie
1251 3117 1365 3184 fecisse

309 3218 490 3298 recolimus,
507 3239 581 3283 curu
605 3217 752 3283 caritatis
776 3217 884 3281 virtus
908 3217 1073 3283 exstincta
1089 3217 1235 3304 Spiritus
1258 3222 1364 3286 sancti

309 3326 511 3408 protestetur
533 3338 690 3383 occasum.
739 3316 844 3402 Cujus
867 3316 991 3382 funus²
1022 3315 1112 3383 non⁸
1133 3324 1184 3384 est
1215 3321 1364 3406 perfunc-

307 3424 401 3489 toriis
440 3421 604 3508 lacrymis
637 3440 704 3484 non
742 3425 793 3483 est
826 3419 953 3503 gemitu
985 3425 1046 3484 aut
1078 3419 1187 3486 dolore
1220 3445 1364 3489 momen-

307 3532 405 3590 taneo
437 3519 744 3608 prosequendum3⁴
776 3520 833 3584 sed
868 3520 949 3595 vita,
973 3542 1032 3605 per
1065 3522 1299 3607 poenitentiam
1331 3529 1365 3589 et

306 3627 451 3690 fructum
485 3623 647 3688 bonorum
671 3643 816 3707 operum,
841 3621 1023 3687 instantius
1055 3624 1248 3709 reparanda.
1294 3625 1364 3692 Nec

306 3731 440 3792 moveat
462 3725 490 3789 si
515 3723 678 3809 Spiritum
710 3728 870 3800 sanctum,
894 3724 950 3807 qui
984 3724 1201 3808 proculdubio
1232 3727 1363 3792 immor·

306 3829 384 3895 talis
408 3833 458 3893 est
481 3832 516 3891 et
539 3825 638 3890 beata
660 3825 730 3889 vitu
759 3824 937 3910 justorum,
961 3826 1088 3890 dictum
1112 3832 1164 3891 est
1187 3828 1221 3891 in
1245 3828 1364 3914 aliqui·

307 3930 368 3993 bus
391 3927 534 4004 interire,
558 3947 633 3991 cum
669 3925 809 3991 Paulum
844 3925 1018 3991 audieritis
1042 3927 1227 3993 dicentem:
1259 3929 1363 4015 “Spi-

306 4041 324 4067 “
347 4031 450 4095 ritum
472 4028 576 4094 nolite
600 4027 820 4112 exstinguere,
841 4026 1034 4112 prophetias
1057 4028 1161 4093 nolite
1185 4032 1363 4116 spernere.”

309 4133 354 4198 Et
376 4131 505 4197 utinam
528 4126 731 4195 efficaciter*⁵
752 4127 931 4193 audissetis
954 4129 1051 4214 quod,
1076 4136 1115 4195 ut
1136 4131 1268 4218 sapiens
1298 4156 1364 4199 me·

337 4391 345 4423 ¹
363 4407 408 4451 me,
421 4391 461 4449 113
477 4403 529 4439 om.
543 4388 572 4448 Z,
585 4387 618 4437 G.
859 4383 889 4434 oi
897 4385 941 4436 the
955 4386 1062 4438 writer’s
1079 4387 1177 4451 spiens,
1195 4405 1224 4438 ss
1242 4390 1363 4454 speciully

335 4469 346 4503 r
355 4470 453 4534 sm,
464 4466 500 4518 v,
858 4464 989 4526 collected,
1002 4466 1078 4517 while
1090 4467 1135 4518 the
1146 4468 1219 4518 other
1236 4467 1258 4518 is
1270 4470 1324 4520 thet
1336 4472 1367 4520 ol

335 4549 346 4582 ³
365 4549 400 4600 So
420 4546 460 4605 G;
484 4544 665 4611 perfunctoriis
687 4542 808 4606 lacrymas
857 4543 902 4594 the
913 4546 1006 4609 “ilpp
1020 4545 1047 4597 S.
1059 4546 1192 4598 Thomoe.”

301 4644 349 4677 non
368 4632 463 4676 anau!
480 4623 619 4684 dolorr,0,
638 4622 666 4684 Ζ,
685 4623 716 4672 Ῑι.
749 4621 807 4671 'Phe
892 4624 1121 4688 *persequendum
1134 4626 1166 4678 G.

300 4705 406 4771 reading
418 4704 444 4753 in
455 4704 499 4754 the
510 4709 565 4753 text
576 4702 598 4752 is
612 4701 736 4767 probably
750 4700 805 4751 thet
888 4702 899 4736 ⁸
916 4702 1058 4768 ffmctter,
1069 4705 1146 4766 Z,L;
1164 4705 1310 4772 fimatur,
1323 4707 1358 4759 G·
