3278 5662
239 791 308 842 an.
326 772 436 859 1170.]
678 788 857 840 nnsronn.
1229 769 1293 837 249

242 976 361 1041 amotis
383 976 584 1042 satellitibus
607 977 685 1053 suis,
709 982 744 1040 et
766 999 826 1062 per
849 997 908 1040 vos
938 973 1101 1037 ministris
1132 971 1293 1056 archiepi-

242 1081 339 1165 scopi.
389 1080 469 1146 Haeo
491 1081 588 1158 enim,
612 1081 692 1145 licet
718 1076 879 1145 secuturus
903 1079 991 1164 pacis
1023 1099 1091 1142 non
1113 1077 1182 1140 sint
1213 1076 1294 1139 satis

243 1189 334 1247 certa
355 1182 486 1260 indicia,
511 1184 590 1268 quia
613 1189 647 1247 et
670 1187 786 1248 contra
807 1183 930 1267 scripta
961 1202 1022 1245 sua
1052 1179 1148 1245 facile
1180 1178 1293 1243 venire

242 1286 423 1362 consuevit,
446 1292 481 1350 et
504 1286 673 1351 ministros
696 1284 934 1370 archiepiscopi
958 1285 1071 1348 eadem
1088 1304 1154 1368 qua
1177 1280 1294 1346 solitus

242 1394 293 1451 est
315 1388 440 1472 injuria
462 1393 572 1474 posset
588 1389 712 1472 ejicere,
728 1395 842 1453 tamen
863 1387 942 1473 quia
964 1384 1126 1475 speeiem¹
1141 1382 1295 1448 firmioris

243 1488 455 1576 obligationis
478 1492 640 1566 obtinent,
665 1497 843 1576 utcumque
871 1495 993 1556 certam
1024 1511 1114 1575 spem
1137 1487 1297 1551 videntur

243 1590 399 1676 polliceri,
423 1597 457 1657 et
480 1593 688 1678 diligentiam
715 1597 869 1670 vestram,
892 1593 921 1656 si
952 1591 1131 1676 impetrata
1162 1588 1296 1663 fuerint,

244 1695 409 1780 quidquid
432 1696 553 1761 exinde
583 1697 757 1782 contingat
787 1718 807 1761 a
840 1696 925 1761 vitio
957 1694 1106 1760 levitatis
1137 1696 1297 1778 poterunt

244 1817 408 1861 excusare.
471 1797 568 1876 Quod
605 1798 634 1861 si
672 1820 732 1863 rex
770 1798 844 1876 ista,
882 1797 1008 1862 scilicet
1045 1793 1296 1860 attestationem

244 1898 442 1982 scriptorum
465 1904 500 1963 et
522 1900 762 1984 possessionum
793 1900 982 1975 cessionem,
1005 1898 1112 1963 facere
1141 1894 1295 1969 nolucrit,

244 2005 348 2064 restat
380 2005 419 2064 ut
450 2022 509 2065 vos
544 2008 668 2067 certam
701 2024 793 2087 spem
826 2001 996 2086 concipere
1033 2021 1101 2064 non
1138 1997 1295 2074 debeatis,

244 2122 304 2167 nec
349 2102 392 2165 ad
438 2102 679 2167 absolutionem
718 2104 1075 2168 excommunicatorum
1113 2101 1294 2185 procedere.

245 2202 332 2268 Nam
364 2203 520 2269 etiamsi²
546 2205 691 2270 absoluti
724 2211 843 2281 essent,
876 2204 1035 2269 tenemini
1066 2225 1109 2269 ex
1138 2204 1297 2268 mandato

244 2305 424 2392 apostolico
458 2330 614 2393 reponere
649 2330 703 2373 eos
735 2310 771 2371 in
805 2309 1004 2373 anteriorem
1036 2307 1236 2372 sententiam
1268 2308 1297 2370 si

244 2430 311 2492 pax
334 2410 438 2494 (quod
468 2410 569 2496 absit)
594 2418 708 2476 secuta
728 2432 795 2475 non
822 2410 932 2475 fuerit.
989 2409 1034 2474 Et
1068 2408 1097 2473 si
1128 2409 1296 2473 hominem

244 2517 331 2575 recte
355 2512 518 2588 novimus,
541 2512 583 2576 ab
610 2513 749 2576 istorum
781 2512 988 2577 absolutione
1023 2511 1223 2587 exordietur,
1246 2511 1296 2574 di-

246 2617 361 2696 cctque
389 2635 423 2677 se
455 2614 621 2677 neminem
654 2613 858 2689 auditurum,
891 2613 976 2678 nihil
1008 2612 1088 2676 boni
1122 2613 1297 2689 facturum,

245 2720 422 2799 antequam
455 2715 673 2780 absolvantur
704 2716 882 2779 familiares
915 2716 974 2780 sui.
1031 2715 1120 2779 Dum
1153 2714 1215 2779 hoc
1240 2714 1297 2777 ob·
1310 2734 1459 2800 Thekinffs

246 2815 353 2879 tinent
376 2818 515 2881 fortasse
539 2816 733 2881 modestiam
756 2816 936 2893 simulabit,
952 2817 1126 2901 promittet
1148 2816 1295 2901 grandia,
1310 2801 1382 2851 eran.

246 2923 280 2980 et
303 2919 396 3002 quasi
420 2920 482 2983 sub
500 2919 606 3004 speeie
630 2918 889 3003 religionisque
913 2919 1120 2983 innocentior
1135 2921 1296 2996 credatur,

245 3027 381 3103 peccata
415 3020 638 3096 confitebitur,
663 3020 791 3105 aliquas
823 3020 1032 3084 conscientiae
1063 3020 1207 3085 oraculas
1242 3021 1299 3085 de·

246 3127 345 3205 teget,
370 3144 452 3206 quas
475 3129 587 3186 tamon
604 3122 818 3186 emendicatis
841 3126 901 3186 aut
924 3122 1092 3186 ementitis
1115 3122 1297 3187 virtutibus

246 3223 403 3287 continuo
427 3224 553 3288 diluere
585 3224 696 3309 possit.
743 3225 796 3287 Ex
829 3245 894 3309 que
927 3246 1006 3288 vero
1029 3224 1222 3301 obtinuerit,
1245 3225 1297 3287 in-

247 3330 432 3388 veteratam
467 3325 625 3389 duritiam
658 3325 783 3402 induet,
811 3331 845 3389 et
877 3326 931 3410 qui
968 3326 1139 3391 humiliter
1173 3327 1298 3404 oraliat,

245 3426 366 3489 exinde
388 3425 482 3489 nulla
504 3424 717 3492 hurnilitate³
740 3428 862 3512 poterit
884 3428 1021 3494 exorari.
1060 3428 1142 3493 Haeo
1164 3428 1214 3492 ita
1229 3450 1297 3493 esse

245 3527 468 3612 persuadeant
492 3527 672 3592 Gratianus
695 3534 730 3592 et
745 3529 917 3607 Vivianus,
933 3531 1053 3615 quibus
1076 3552 1120 3607 se,
1140 3530 1205 3595 fide
1229 3551 1298 3595 cor-
1311 3560 1462 3612 Difficulter

245 3630 403 3715 poraliter
425 3631 585 3715 praestita,
602 3631 764 3716 obligavit
786 3633 875 3717 quod
906 3633 1037 3697 illorum
1061 3633 1233 3699 consilium
1256 3634 1297 3698 de
1312 3629 1374 3678 '³²¹¹
1385 3629 1430 3679 ¹¹¹⁰

245 3753 324 3816 paco
347 3753 422 3797 eum
445 3732 691 3818 archiepiscopo
721 3733 871 3799 facienda
893 3742 1092 3820 sequeretur,
1116 3737 1144 3801 si
1167 3758 1297 3803 exeom-
1311 3709 1459 3812 diffisa,

246 3835 431 3899 manicatos
454 3834 672 3899 absolverent.
720 3835 848 3915 Quibus
881 3837 1049 3915 absolutis,
1072 3840 1121 3903 ita
1147 3841 1191 3904 ab
1221 3840 1297 3903 uni-

244 3936 348 3999 versis
381 3958 456 4021 quae
488 3935 642 4023 promisit
664 3937 790 4013 resiliit,
824 3960 862 4003 ac
895 3940 924 4003 si
957 3962 1018 4006 nec
1048 3942 1197 4006 verbum'
1222 3962 1297 4007 cum

245 4037 292 4101 eis
326 4037 517 4117 habumset3
555 4039 706 4123 quocirca
737 4046 772 4103 ct
809 4041 866 4125 qui
905 4042 1048 4108 absoluti
1086 4044 1226 4121 fuerant,
1260 4047 1297 4109 in

245 4140 387 4223 priorem
418 4141 791 4205 excommunicationem
822 4142 951 4208 reducti
982 4150 1070 4223 sunt,
1093 4166 1131 4209 eo
1163 4146 1298 4230 quidem

239 4241 374 4324 justius,
399 4263 464 4326 quo
487 4242 629 4327 nequius
652 4243 887 4328 paee1n,cujus
910 4260 968 4329 spe
990 4245 1124 4310 fuerant
1146 4245 1298 4323 absoluti,

245 4343 447 4406 studuerunt
470 4344 576 4407 modis
599 4345 754 4409 omnibus
778 4344 946 4430 impedire.
993 4345 1211 4412 Praeeaveatis
1235 4347 1299 4413 ita-

282 4582 289 4613 l
307 4583 422 4647 speciem,
433 4584 474 4641 03
492 4600 564 4648 spem,
577 4585 612 4643 A,
624 4585 654 4646 Ζ,
666 4586 695 4635 L.
828 4585 840 4619 ³
857 4585 1021 4651 humanitate,
1031 4587 1061 4639 L.

280 4661 291 4692 ²
307 4664 337 4721 si,
350 4678 399 4711 om.
413 4664 448 4713 V.
