3278 5662
409 730 474 792 480
847 746 1026 801 urrsronn.
1272 740 1355 824 [nu.
1374 740 1480 811 1170.

408 931 629 996 elcmnstionis
652 933 698 997 ad
721 933 824 997 solam
856 934 936 1018 ejus,
960 956 1060 1019 quam
1087 937 1210 1001 fumum
1234 937 1363 1015 dieunt,
1386 937 1473 1001 sim·

408 1032 524 1117 pliccrn
548 1035 747 1099 relationem.
795 1036 976 1121 Siquidem,
998 1038 1032 1102 ni
1049 1039 1153 1115 fallor,
1176 1040 1303 1105 viribus
1318 1040 1403 1107 totis
1419 1040 1472 1105 la-

408 1134 503 1200 borat
541 1137 667 1200 domini
704 1160 798 1224 papae
843 1145 877 1204 ct
914 1139 984 1205 fcrc
1020 1141 1125 1206 totius
1163 1142 1262 1208 curiae
1307 1143 1469 1220 intentio,

408 1238 553 1322 exceptis
577 1239 689 1324 paucis
712 1261 851 1325 quorum
874 1243 990 1327 grutiae
1006 1264 1072 1320 vos,
1096 1249 1136 1308 ut
1158 1245 1469 1331 potuiconcilicvi,

408 1345 447 1404 ut
479 1338 598 1404 etisn1¹
632 1362 706 1405 cunr
741 1342 813 1428 ipso
845 1343 977 1408 domino
1015 1366 1090 1430 rege
1132 1352 1245 1411 nostro
1282 1346 1323 1411 dc
1364 1367 1470 1431 poens

408 1442 562 1507 mitiorc²
594 1443 758 1529 transigat
788 1451 828 1508 ut
851 1466 910 1511 vos
933 1452 967 1511 et
999 1447 1184 1512 trinitatem
1217 1452 1362 1514 vestram
1402 1449 1470 1533 (cic

239 1550 393 1630 Tlepopeu
408 1544 496 1608 enim
520 1545 672 1610 dominus
695 1567 782 1631 papa
804 1545 965 1632 loquitur)
990 1568 1091 1633 poeus
1113 1547 1244 1614 duriore
1267 1548 1399 1627 efficiat,
1424 1554 1467 1613 ut

237 1622 330 1684 poncy.
407 1665 505 1730 pocus·
528 1652 638 1710 vestra
654 1652 750 1712 torrae
765 1648 811 1711 sit
833 1648 875 1712 ad
898 1648 1095 1734 exemplum,
1119 1654 1153 1712 ct
1177 1654 1283 1713 metus
1298 1647 1467 1715 efficiatur

406 1747 634 1811 universorum
665 1746 784 1833 quasi⁸
810 1754 925 1815 contra
956 1749 1124 1816 ecclesiam
1155 1750 1360 1836 principibus
1392 1751 1465 1816 suis

406 1847 447 1912 dc
461 1854 578 1913 caetero
594 1849 844 1915 assistentium.⁴
880 1849 970 1916 Setis
993 1851 1081 1916 onim
1097 1850 1161 1916 crit
1183 1851 1231 1916 cis
1252 1873 1362 1937 regem
1379 1872 1464 1938 quo·

236 2017 276 2069 ch
405 1968 533 2033 cunque
573 1950 668 2014 modo
706 1951 876 2029 sustinere,
909 1955 948 2015 ut
985 1952 1021 2015 in
1055 1972 1113 2016 ros
1151 1951 1285 2017 valcant
1322 1951 1464 2017 liberius

237 2033 392 2149 ,gfflthe
408 2047 574 2113 dcsaevire.
620 2054 807 2137 Argucrcnt
837 2075 896 2117 vos
933 2053 1096 2139 priucipuc
1128 2053 1226 2138 quod,
1256 2053 1394 2118 consilio
1426 2058 1464 2119 ct

235 2151 336 2218 b¹⁸¹¹⁰u
403 2152 522 2218 callida
553 2155 794 2220 machinatione
821 2155 857 2218 in
888 2159 1027 2218 mortem
1061 2154 1186 2218 domini
1210 2152 1463 2219 Osntuuricnsis

404 2253 529 2334 ieritis3
551 2262 727 2342 arguerent
750 2256 837 2341 quod
861 2255 985 2320 domini
1009 2277 1104 2341 pupae
1128 2255 1384 2342 prohibitionem
1418 2256 1462 2321 dc

404 2377 471 2421 non
493 2358 678 2423 coronando
703 2358 770 2422 filio
794 2357 880 2443 rogis
903 2357 1101 2443 spreveritis
1148 2357 1214 2422 Sed
1236 2355 1289 2421 his
1320 2357 1357 2420 in
1380 2364 1461 2424 con·

401 2458 550 2535 trarium,
585 2458 674 2525 facto
706 2459 786 2544 ipso,
820 2458 972 2543 quamvis
1003 2459 1038 2521 in
1076 2458 1216 2543 private,
1252 2456 1352 2521 fidem
1385 2456 1462 2525 feci.

402 2559 534 2646 Negata
556 2566 606 2625 cst
629 2561 716 2624 enim
740 2559 823 2623 mihi
846 2581 945 2646 supcr
966 2559 1019 2624 his
1041 2559 1211 2624 audientis
1244 2557 1280 2621 in
1302 2556 1461 2643 publico.⁶

233 2645 378 2765 {ww
404 2659 512 2746 Super
546 2661 645 2725 verbo
668 2664 787 2725 vestros
820 2659 1050 2736 restitutionis,
1073 2656 1369 2745 supplicationibus
1402 2658 1461 2723 vcl

233 2777 365 2856 hiereos
402 2763 580 2846 promissis,
603 2761 779 2827 blanditiis
802 2762 855 2826 vel
878 2762 985 2840 minis,
1007 2760 1094 2825 nihil
1116 2766 1243 2827 certum
1266 2780 1287 2825 s
1319 2760 1459 2827 domino

231 2853 322 2895 ΜΠ·
400 2884 487 2949 papa
511 2869 621 2929 tencre
644 2864 747 2948 potui,
771 2863 836 2927 nisi
868 2863 957 2947 quod
979 2863 1155 2947 quemdum
1178 2863 1324 2948 lcgstum
1346 2883 1459 2940 suum,

400 2987 498 3050 quem
521 2966 639 3042 nescio,
661 2965 704 3029 ad
728 2970 838 3050 partos
861 2964 935 3029 illas
967 2964 1125 3029 missurus
1148 2967 1207 3040 est,
1231 2963 1297 3050 qui,
1319 2970 1458 3050 eccepto

399 3088 420 3133 s
453 3067 547 3134 vobis
576 3067 766 3153 juramento
798 3087 857 3131 vos
891 3065 1047 3131 tuntum⁶
1080 3065 1238 3142 absolvet,
1270 3070 1305 3131 et
1326 3064 1457 3131 domini

401 3192 495 3255 papae
518 3169 713 3234 mandatum
737 3167 831 3233 vobis
855 3166 1017 3252 injunget,
1041 3166 1095 3231 vel
1118 3189 1138 3229 u
1159 3166 1254 3232 vobis
1276 3165 1394 3232 audita
1408 3168 1456 3232 ad

399 3292 474 3334 cum
507 3271 635 3347 referet,
668 3271 759 3355 prius
791 3274 903 3335 tamen
936 3289 957 3334 s
988 3268 1121 3334 domino
1157 3289 1233 3354 rcgc
1261 3267 1455 3353 juramento

398 3373 547 3456 praestito
570 3373 605 3435 in
621 3393 759 3456 persona
774 3371 914 3457 propria,
932 3371 1020 3456 quod
1043 3392 1102 3455 pro
1125 3391 1164 3435 co
1186 3390 1293 3436 coram
1317 3369 1454 3434 domino

397 3494 484 3558 papa
518 3475 704 3558 praestitunr
736 3480 787 3537 est
821 3473 855 3535 in
888 3471 1004 3548 aliena,
1028 3473 1114 3537 sieut
1140 3471 1220 3537 satis
1254 3469 1454 3552 audivistis3

397 3574 568 3639 vinculum
591 3576 688 3653 enirn,
712 3595 776 3660 quo
810 3596 868 3638 vos
904 3579 969 3637 tres
1005 3571 1197 3638 vincimini⁷
1229 3572 1451 3637 firmissimam

396 3681 544 3740 catenum
578 3681 762 3742 autumant
792 3696 857 3760 qus
894 3696 1003 3760 regern
1037 3695 1101 3759 quo
1139 3672 1274 3738 volent8
1305 3672 1453 3744 trahant.

397 3775 538 3842 Solliciti
561 3779 666 3864 igitur
688 3799 786 3863 super
820 3776 953 3861 nogotio
975 3781 1084 3839 vestro
1108 3779 1204 3850 cstoe,
1229 3795 1270 3838 nc
1292 3774 1449 3839 dominus

395 3899 453 3941 rex
480 3880 572 3943 vobis
597 3880 676 3966 ipsis
699 3900 758 3943 vos
781 3879 970 3962 relinquut3
1000 3875 1178 3941 nonenim
1211 3880 1281 3939 tam
1306 3875 1449 3940 Romani

395 4001 494 4065 qutun
519 3981 605 4046 Galli
639 4003 697 4045 vos
716 3981 878 4065 judicant.
925 3978 977 4043 Dc
1007 3977 1116 4043 reditu
1139 3998 1212 4043 mco
1234 3977 1278 4041 sd
1309 3998 1368 4042 vos
1400 3977 1449 4041 nil

395 4087 521 4148 certum
545 4083 632 4161 scio,
655 4083 797 4148 unimam
834 4081 921 4145 enim
947 4101 1052 4144 mcum
1076 4100 1135 4164 pro
1160 4078 1254 4144 robis
1286 4079 1381 4163 posui
1414 4085 1449 4144 et

427 4421 434 4451 ¹
455 4428 486 4480 ct,
497 4419 554 4469 Liv.
980 4416 990 4446 ὅ
1006 4414 1118 4479 privato,
1129 4414 1185 4463 Liv.

426 4500 436 4531 '2
453 4501 556 4560 mitiori,
565 4497 621 4548 niv.
977 4492 988 4524 ⁶
1005 4499 1093 4554 tumor,
1102 4491 1158 4541 Liv.

424 4581 435 4612 ³
452 4580 503 4642 qui,
515 4579 572 4628 niv.
956 4585 961 4593 ·
977 4571 988 4607 7
997 4571 1145 4635 junqimint
1155 4568 1212 4622 Liv.

425 4660 435 4688 ⁴
452 4659 579 4715 assistent,
593 4656 647 4705 Lir.
976 4651 987 4681 ³
1005 4649 1098 4712 volume,
1111 4650 1167 4700 Lir.
