3278 5662
388 803 453 867 aot
826 818 1005 868 saracena.
1246 800 1326 888 [an.
1343 801 1440 871 1171.

388 988 459 1054 Nec
490 990 533 1054 ad
565 992 730 1056 modicum
757 997 792 1056 et
823 993 917 1077 quasi
949 993 992 1056 ad
1025 992 1139 1058 horam
1171 991 1305 1057 credens
1336 997 1372 1056 et
1403 989 1440 1053 in

387 1091 527 1157 articulo
560 1093 790 1180 temptationis
822 1093 976 1159 recedens
1007 1093 1146 1159 adversa
1177 1114 1349 1180 perpessus
1380 1096 1442 1167 est,

387 1192 445 1256 sed
459 1193 613 1257 exsilium
632 1199 666 1258 et
681 1193 944 1259 acerbissimam¹
968 1195 1239 1280 proscriptionem
1262 1194 1298 1258 in
1314 1214 1439 1259 annum

386 1296 564 1381 septimum
595 1296 795 1381 protelavit;
819 1302 915 1362 tanta
938 1297 1071 1382 quidem
1094 1298 1219 1362 virtute
1243 1295 1461 1363 constantiae-

386 1398 477 1483 regia
499 1398 555 1461 via
585 1398 747 1474 incedens,
771 1402 806 1462 et
829 1396 981 1462 Christi²
1010 1404 1045 1462 ct
1075 1397 1328 1483 apostolicorum
1352 1396 1439 1460 viro·

386 1520 460 1562 rum
495 1521 632 1584 sequens
670 1500 820 1586 vestigia,
853 1505 892 1564 ut
924 1499 1069 1566 invictus
1105 1501 1176 1585 ejus
1211 1500 1342 1565 animus
1375 1518 1438 1562 nec

386 1599 528 1666 fortunae
551 1599 719 1666 saevientis
750 1600 878 1686 impetu
909 1605 1018 1687 posset
1042 1599 1159 1686 frangi,
1182 1621 1243 1666 nec
1266 1598 1439 1664 blanditiis

387 1702 534 1768 emolliri.

431 1805 497 1870 Sed
535 1804 593 1870 et³
631 1805 687 1869 ubi
725 1805 769 1869 sit
807 1804 995 1871 immolatus
1039 1805 1212 1871 advertite.
1260 1803 1357 1869 (leste
1402 1803 1439 1867 in

386 1907 521 1974 ecclesia
542 1929 617 1993 quae
641 1913 741 1993 caput
756 1909 848 1994 regni
872 1914 930 1983 est,
954 1914 987 1973 et
1009 1908 1148 1973 aliarum
1171 1907 1319 1973 omnium
1333 1912 1441 1971 mater
1536 1985 1539 1990 ¹

386 2010 421 2074 in
445 2008 587 2088 Christo,
609 2031 718 2076 coram
741 2010 847 2086 altari,
870 2010 958 2075 inter
980 2008 1250 2076 consacerdotes⁴
1272 2014 1307 2074 ct
1321 2029 1439 2073 manus

385 2111 610 2198 religiosorum
632 2133 714 2197 quos
735 2117 936 2177 armatorum
959 2111 1147 2178 carnificum
1171 2110 1335 2176 tumultus
1356 2108 1440 2175 fece·

386 2219 439 2280 rat
460 2214 504 2279 ad
526 2213 725 2299 stupendum
748 2218 783 2277 et
804 2213 989 2279 miserabile
1012 2213 1233 2299 spectaculum
1255 2211 1438 2278 convenire.

387 2315 453 2395 Qui
475 2337 552 2403 ergo
574 2316 732 2401 seipsum
754 2337 775 2380 a
789 2315 896 2381 multo
918 2321 1064 2402 tempore
1086 2314 1282 2380 exhibuerat
1296 2314 1439 2379 hostiam

386 2418 508 2499 vivam,
531 2422 688 2495 sanctam,
711 2417 783 2483 Deo
807 2417 1011 2503 placentem;
1043 2417 1100 2502 qui
1123 2437 1252 2483 carnem
1275 2436 1369 2481 suam
1403 2415 1440 2479 in

386 2519 600 2594 orationibus,
635 2518 769 2605 vigiliis,
796 2519 942 2604 jejuniis,
970 2525 1004 2583 et
1037 2519 1210 2606 asperioris
1246 2517 1345 2584 cilicii
1376 2538 1440 2580 usu

385 2624 550 2699 continuo,
566 2644 640 2686 cum
664 2621 756 2686 vitiis
779 2625 813 2712 et
835 2621 1108 2707 concupiscentiis
1130 2620 1355 2698 crucifixerat3
1381 2619 1439 2705 qui

387 2725 519 2791 dorsum
545 2725 648 2810 (quod
666 2723 770 2789 saneti
786 2723 963 2788 familiares
987 2723 1057 2809 ejus
1079 2723 1255 2808 noverant)
1281 2728 1440 2807 tanquam

389 2827 513 2894 Christi
537 2826 694 2913 puerulus
716 2847 880 2912 exponere
902 2830 1116 2891 consueverat
1142 2825 1186 2890 ud
1207 2824 1358 2911 flagella;
1381 2823 1440 2908 qui

388 2928 512 2995 Christi
551 2950 668 3014 eorpus
700 2934 734 2992 et
768 2927 965 3014 sanguinem
998 2926 1116 2992 solitus
1151 2932 1223 2992 erat
1254 2926 1369 2992 offerre
1402 2925 1440 2989 in

388 3029 495 3106 altari,
541 3050 647 3095 coram
695 3029 793 3094 altari
840 3027 1048 3114 prostratus,⁶
1086 3028 1226 3093 effusum
1288 3028 1440 3091 manibus

332 3157 351 3195 ·.
389 3132 565 3217 impiorum
612 3129 735 3195 obtulit
789 3130 967 3216 proprium.
1015 3129 1086 3195 Nec
1130 3129 1226 3195 licuit
1279 3129 1440 3193 ministris

219 3224 307 3273 ⁸⁰¹¹'5
390 3231 547 3318 Sathanre
579 3232 615 3295 in
647 3230 871 3296 immolatione
895 3229 1049 3316 discipuli
1073 3236 1107 3295 et
1129 3231 1215 3295 servi
1240 3229 1328 3316 quod
1355 3250 1439 3316 pns-

256 3356 285 3434 vi·
328 3359 335 3379 ⁹
389 3337 531 3402 ambulis
569 3358 682 3401 eorum
720 3335 756 3399 in
793 3335 1004 3401 crucifixione
1042 3334 1194 3421 Magistri
1226 3340 1260 3400 ct
1297 3334 1441 3401 Domini.

265 3439 286 3472 ⁸¹
322 3461 328 3475 ·
390 3438 542 3503 Christus
576 3438 673 3513 enim,
711 3453 753 3501 ne
787 3436 904 3501 civitas
938 3437 1128 3512 foedaretur,
1161 3458 1203 3501 ne
1240 3435 1441 3522 pollueretur

387 3540 571 3617 sabbatum,
602 3538 729 3623 judicio
761 3537 839 3602 licet
861 3538 977 3623 iniquo
1008 3538 1260 3623 praedamnatus,
1295 3539 1441 3623 qualem·

387 3637 540 3727 qualem⁶
562 3639 725 3727 allegandi
758 3660 817 3726 pro
848 3661 883 3704 se
905 3644 1074 3725 acceperat
1097 3640 1297 3716 facultatem,
1330 3646 1365 3704 et
1398 3641 1441 3706 ab

387 3743 467 3808 urbe
491 3740 653 3807 eductus⁷
675 3746 771 3806 extra
794 3746 922 3826 portam
954 3741 1130 3806 crucifixus
1165 3746 1223 3817 est,
1258 3741 1441 3807 ministerio

387 3845 503 3930 utique
525 3843 708 3930 gentilium,
733 3843 790 3928 qui
813 3842 945 3908 Deum⁸
967 3865 1033 3908 non
1057 3849 1226 3924 noverant,
1250 3849 1285 3908 et
1300 3844 1439 3909 auctori-

387 3953 458 4013 tate
473 3946 613 4034 publieae
636 3947 822 4032 potestatis,
844 3946 897 4010 his
919 3945 1038 4010 reuml
1061 3946 1285 4012 deferentibus
1301 3967 1441 4032 quorum

387 4049 493 4136 legem
515 4048 607 4113 visus
634 4053 685 4112 est
708 4047 912 4132 impugnare,
947 4047 1108 4133 discipulo
1140 4047 1210 4112 filio
1245 4047 1440 4134 perditionis

387 4151 584 4238 proditionis
604 4150 777 4237 perfidiam
801 4156 1007 4234 procurante.
1054 4151 1102 4214 At
1128 4150 1192 4215 iste
1203 4148 1229 4187 ¹⁰
1251 4171 1318 4216 non
1341 4150 1439 4215 modo

422 4404 568 4462 ¹acertum,
581 4400 608 4450 Z.
915 4411 918 4431 ¹
973 4398 1095 4462 ‘qualem
1108 4400 1229 4466 (single),
1241 4401 1272 4453 Ο.

420 4481 431 4515 ²
451 4480 597 4541 carisiaci,
608 4494 650 4530 om
671 4478 698 4528 Z.
972 4477 1096 4539 luceiae,
1109 4480 1141 4533 G.

420 4561 481 4619 ὀὶ,
492 4575 542 4608 om.
554 4560 583 4608 Z.
971 4558 1142 4619 ⁸Dcum,Z;
1161 4557 1303 4625 Dominum,
1316 4562 1350 4614 G.
1404 4594 1408 4599 -

420 4636 597 4695 ⁴socerdotar,
608 4637 640 4685 B.
915 4642 918 4663 ¹
971 4638 1090 4699 9rerrau,
1100 4638 1128 4688 Z.

420 4718 602 4782 ⁵prostratum
613 4722 636 4765 et
639 4715 736 4779 suun,
748 4714 780 4776 Ο,
792 4713 821 4764 Ζ.
914 4668 918 4771 i
973 4714 993 4747 ¹⁰
1011 4711 1064 4777 ille,
1077 4717 1108 4767 0.
