3278 5662
369 797 434 859 508
808 807 988 857 amaseam.
1224 796 1303 879 [an.
1322 793 1422 863 1172.

365 995 610 1080 suscipiendum
643 1016 711 1058 non
745 1002 830 1058 esset
862 993 1036 1072 sufficiens,
1060 1002 1095 1059 et
1126 996 1162 1059 in
1186 996 1242 1061 via
1273 995 1424 1081 plurima

365 1095 555 1161 discrimina
584 1102 617 1160 ct
640 1095 788 1181 pericula
818 1096 1039 1170 imminerent,
1064 1096 1202 1162 dilectos
1225 1097 1310 1162 filios
1341 1117 1423 1161 nos-

364 1202 433 1261 tros
467 1197 678 1282 R[adulfum]
715 1197 981 1263 archidiaconum
1016 1219 1121 1276 suum,
1152 1206 1186 1264 et
1221 1200 1422 1284 magistrum

365 1297 552 1376 Ricardum,
569 1303 603 1363 et
618 1299 813 1384 magistrum
830 1299 1017 1385 Hugonem,
1032 1299 1164 1366 elericos
1180 1301 1260 1385 ejus,
1275 1301 1319 1365 ad
1335 1320 1422 1385 prae-

364 1400 506 1464 santiam
538 1407 688 1466 nostran]
721 1401 915 1477 transmisit,
947 1407 987 1465 ut
1020 1423 1080 1485 pro
1112 1423 1146 1466 se
1178 1423 1286 1468 coram
1321 1402 1422 1466 nobis

197 1514 352 1592 acommis-
364 1503 594 1587 purgationem
626 1507 832 1588 praestarent.
901 1502 933 1566 N
937 1524 972 1567 os
1002 1509 1115 1569 autem
1147 1526 1222 1569 cnm
1256 1504 1422 1569 fratribus

196 1588 302 1700 affin
364 1603 493 1677 nostrin,
511 1609 623 1667 utrum
639 1604 728 1688 apud
751 1625 811 1667 nos
827 1603 917 1666 illius
941 1605 1096 1689 purgatio
1112 1611 1198 1670 esset
1219 1605 1420 1691 recipienda,

193 1712 284 1765 Foliot.
363 1706 543 1769 studiosius
567 1706 793 1780 deliberantes
817 1707 950 1771 tandem
984 1707 1190 1772 decrevimus
1214 1708 1308 1772 vobis
1339 1729 1421 1793 pur-

362 1807 530 1893 gationem
563 1807 668 1892 ipsam
697 1807 939 1892 suscipiendam
973 1809 1188 1884 committere,
1220 1811 1300 1894 quia
1322 1809 1421 1874 vobis

364 1915 397 1973 et
420 1908 526 1972 eidem
559 1909 710 1993 episcopo
740 1909 846 1994 magis
872 1909 1048 1974 honestum
1080 1917 1114 1975 et
1145 1910 1324 1997 expediens
1347 1933 1420 1977 essa

363 2010 584 2095 cognovimus,
607 2015 647 2075 ut
670 2011 705 2074 in
731 2011 800 2076 loco
823 2011 881 2075 ubi
904 2012 1048 2096 amplius
1071 2011 1210 2078 infamia
1232 2014 1420 2091 crebrescit,

363 2111 434 2195 ejus
457 2113 613 2197 purgatio
638 2112 849 2198 reciperetur,
873 2118 907 2177 et
930 2134 1024 2177 suain
1057 2114 1230 2200 episcopus
1262 2115 1420 2181 innocen-

363 2213 445 2277 tiam
470 2213 719 2278 demonstraret.
766 2214 986 2299 Quapropter,
1009 2214 1049 2279 de
1073 2222 1185 2280 vestra
1200 2216 1358 2302 religione
1382 2221 1420 2281 et

362 2315 540 2400 prudentia
563 2320 598 2380 ct
619 2315 792 2380 honestate
815 2315 946 2400 plenius
969 2316 1180 2393 confidentes,
1211 2317 1418 2382 fraternitati

362 2423 480 2482 vestrae
512 2439 570 2503 per
592 2415 772 2504 apostolica
795 2418 919 2502 scripta
951 2419 1156 2497 mandamus,
1184 2425 1348 2503 quatenus
1379 2420 1417 2483 in

362 2519 503 2584 confinio
526 2519 613 2604 regis
641 2517 845 2583 Francorum
876 2525 910 2583 et
934 2520 1021 2605 regis
1045 2519 1185 2605 Angliae,
1208 2521 1244 2583 in
1268 2520 1418 2587 Marchia

198 2626 350 2681 conditione
363 2621 527 2697 videlicet,
561 2621 661 2686 citius
707 2627 783 2705 post
822 2620 1009 2685 litterarum
1058 2627 1246 2687 nostrarum
1284 2644 1416 2708 suscep·

192 2695 312 2812 fftffiw'
364 2721 510 2788 tionem¹
539 2744 637 2806 quam
661 2721 823 2807 poteritis,
839 2722 876 2784 in
899 2744 1002 2784 ununr
1035 2722 1160 2807 pariter
1182 2723 1416 2789 convenientes

363 2825 558 2911 proedictum
587 2823 775 2908 episcopum
798 2824 985 2888 convocetis
1017 2831 1096 2889 ante
1121 2846 1189 2903 vos,
1212 2832 1246 2890 et
1279 2825 1416 2891 adscitis

363 2926 444 2991 viris
479 2925 639 3011 religiosis
673 2932 707 2988 et
745 2925 904 3000 discretis,
940 2925 967 2988 si
1003 2925 1090 2990 idern
1129 2927 1300 3014 episeopus
1338 2950 1414 2993 curn

362 3034 458 3092 sexta
481 3048 581 3091 manu
605 3025 834 3110 religiosorum
865 3024 1021 3090 abbatum
1057 3032 1091 3090 et
1120 3027 1277 3114 priorum,
1300 3049 1413 3093 mona-

362 3129 498 3194 chorum
531 3135 565 3193 ct
596 3128 829 3192 canonicorum
862 3127 1065 3212 regularium
1097 3129 1245 3214 probatae
1269 3131 1349 3195 vitae
1380 3136 1415 3195 et

362 3230 631 3305 conversationis
653 3235 713 3294 aut
745 3228 980 3293 monachorum
1003 3251 1084 3314 quos
1114 3253 1225 3296 secum
1255 3232 1357 3296 habet
1380 3237 1415 3297 et

362 3328 593 3401 canonicorum
633 3330 777 3396 eeclesiae
814 3352 893 3409 snae,
932 3332 990 3415 qui
1035 3332 1103 3397 sint
1140 3333 1278 3419 integrae
1316 3333 1415 3400 fama

361 3442 394 3501 et
418 3433 592 3521 opinionis,
618 3440 652 3498 et
688 3433 871 3518 dequibus
906 3434 1085 3499 verisimile
1120 3433 1187 3499 sit²
1224 3436 1312 3520 quod
1346 3458 1414 3502 non

361 3536 469 3601 velint
501 3535 656 3620 pejerare,
688 3554 797 3598 coram
833 3535 950 3618 positis
986 3516 1201 3601 sacrosanctis
1225 3537 1415 3623 evangeliis,

357 3635 530 3722 juraverit,
555 3635 643 3718 quod
666 3655 726 3699 nee
749 3635 880 3719 scripto,
896 3657 957 3701 nec
980 3637 1088 3714 verbo,
1113 3636 1167 3701 vel
1190 3637 1286 3717 facto,
1303 3660 1413 3724 regem

361 3739 503 3803 scienter
525 3736 765 3822 provocaverit,
781 3742 916 3821 propter
940 3739 1027 3821 quod
1051 3739 1309 3822 praenominatus
1326 3739 1413 3806 Can·

362 3839 539 3905 tuariensis
562 3838 686 3903 occisus
709 3837 819 3914 fuerit,
842 3838 897 3902 vel
920 3839 1020 3903 etiam
1053 3840 1089 3903 in
1112 3861 1244 3925 corpore
1278 3863 1413 3927 poenam

362 3938 558 4030 pertulerit,8
580 3941 619 4017 ei,
642 3944 757 4005 nostra
779 3940 856 4004 freti
880 3942 1086 4018 auctoritate,
1110 3941 1208 4007 officii
1232 3945 1283 4008 sni
1305 3944 1412 4030 pleni-

360 4045 520 4122 tudinem,
543 4044 666 4129 absquc
699 4042 862 4128 opinionis
894 4048 929 4107 et
960 4043 1056 4108 famae
1089 4066 1157 4108 suae
1181 4045 1412 4128 diminutione,

360 4148 593 4213 incunctanter
615 4144 809 4210 restituatis.
873 4143 960 4209 Sane
983 4145 1011 4208 si
1034 4145 1088 4209 his
1111 4148 1329 4231 exsequendis
1351 4148 1413 4213 ali-

360 4272 427 4335 quo
443 4249 591 4315 evidenti
614 4252 649 4313 et
671 4245 852 4312 necessario
876 4247 1111 4332 impedimento
1134 4248 1292 4314 interesse
1314 4251 1412 4317 ambo

360 4373 428 4417 non
450 4349 612 4437 poteritis,
635 4348 721 4413 alter
744 4352 900 4425 vestrum,
925 4371 999 4414 curn
1023 4349 1183 4436 religiosis
1206 4356 1240 4416 ot
1264 4352 1413 4418 discretis

395 4627 402 4658 ¹
422 4626 605 4690 dispectionem,
618 4624 649 4676 G.
946 4623 957 4655 ⁸
971 4623 1113 4688 protulerit,
1126 4624 1158 4676 G.

392 4706 404 4740 ⁹
420 4712 465 4766 est,
479 4706 510 4756 D.
