3278 5662
256 767 322 818 nn.
341 749 451 836 1170.]
701 763 882 814 nmsronn.
1243 751 1305 815 311

251 949 365 1030 nitur,¹
388 951 441 1018 cui
464 971 603 1037 regnum
634 948 793 1028 aufertur,
828 950 922 1034 cujus
945 948 1106 1034 speranda
1129 950 1303 1034 posteritas

253 1051 513 1118 condemnatur?
560 1050 628 1117 Cur
651 1050 739 1115 enim
762 1049 832 1136 ejus
856 1048 952 1126 filius,
976 1049 1034 1134 qui
1057 1048 1166 1115 adhuc
1188 1050 1219 1114 ei
1242 1050 1307 1115 for·

254 1158 340 1218 tasse
377 1159 537 1229 nascetur,
576 1151 669 1238 regni
706 1150 846 1236 gloriam
880 1155 1133 1235 consequeretur
1164 1150 1192 1213 si
1224 1150 1296 1235 ipsa

254 1255 352 1320 modo
374 1276 501 1321 coronae
524 1255 662 1340 indigna
683 1242 881 1338 'judicaturi
927 1253 1080 1319 Forsitan
1102 1274 1170 1317 non
1192 1273 1303 1318 move·

254 1357 345 1422 bitur
360 1379 420 1422 rex
435 1358 490 1422 ille
505 1357 655 1439 nimium,
659 1356 779 1441 justus,
794 1377 855 1423 nec
869 1378 966 1421 suum
982 1356 1124 1441 filiaeque
1136 1362 1303 1442 contemp-

256 1466 328 1524 tum
343 1459 537 1539 vindicabit,
554 1459 612 1524 sed
627 1459 731 1544 magis
753 1458 790 1522 in
813 1479 873 1526 sua
883 1459 1018 1545 justitia
1033 1459 1162 1545 peribit.
1194 1459 1306 1527 Mode-

253 1567 324 1628 rate
339 1564 456 1650 loquor
477 1564 513 1626 in
529 1562 689 1628 christum
704 1561 848 1638 Domini,
868 1563 925 1629 sed
941 1569 1051 1628 tamen
1067 1563 1246 1647 pronihilo
1270 1564 1300 1629 ei

253 1685 405 1731 coronam
439 1664 588 1730 Frenciae
623 1663 760 1741 deseret,
791 1665 847 1748 qui
881 1685 1033 1730 coronam
1065 1664 1195 1751 Angliae
1233 1677 1303 1731 tam

252 1766 347 1832 facile
370 1763 518 1832 auferet.²
564 1765 710 1831 Unicum
742 1787 819 1851 ergo
851 1771 885 1830 et
906 1765 1072 1852 singulare
1096 1766 1126 1832 ei
1150 1771 1184 1831 et
1207 1768 1301 1832 vobis

253 1869 434 1934 remedium
456 1874 515 1945 est,
539 1873 578 1932 ut
612 1868 682 1932 sine
714 1869 804 1932 omni
837 1867 996 1934 dilatione
1031 1869 1073 1935 ad
1096 1869 1245 1957 reginam
1268 1875 1303 1936 et

251 1968 294 2033 ad
318 1970 496 2036 Ricardum
527 1969 567 2034 de
600 1969 728 2034 Humet
762 1971 896 2035 nuntios
930 1970 1051 2047 mittat,
1085 1972 1142 2056 qui
1174 1993 1217 2036 ex
1239 1994 1299 2039 sua

253 2077 347 2156 parte
369 2071 566 2157 prohibeant
588 2093 631 2136 ne
653 2072 721 2150 fiat,
745 2079 787 2148 et,
811 2073 838 2136 si
861 2071 988 2138 factum
1010 2073 1119 2150 fuerit,
1143 2073 1186 2139 ab
1209 2080 1301 2139 utro·

250 2194 313 2258 que
352 2195 427 2240 cum
466 2172 656 2240 diffiducia³
704 2181 904 2260 separentur.
968 2175 1023 2241 Sic
1061 2176 1149 2240 enim
1188 2177 1297 2241 territi

251 2275 411 2342 Ricardus
434 2283 469 2342 et
490 2278 605 2363 regina
638 2277 774 2341 mittent
806 2279 848 2342 ad
883 2300 1002 2365 regem,
1026 2284 1060 2343 et
1082 2279 1167 2365 regis
1191 2279 1293 2365 impe·

250 2377 360 2459 dictur
383 2380 545 2446 voluntas.
593 2379 744 2444 Nuntius
778 2381 866 2445 enim
900 2382 985 2467 regis
1018 2380 1219 2446 Francorum
1243 2382 1296 2446 vel

238 2485 359 2563 vvester
380 2480 494 2546 nullus
516 2488 624 2567 posset
658 2481 701 2547 ad
733 2503 841 2568 regem
875 2488 1026 2547 nostrum
1048 2482 1207 2548 accedere.
1255 2482 1299 2548 Et

250 2582 278 2646 si
300 2581 427 2648 litteras
452 2581 577 2662 domini
612 2605 706 2668 papae
739 2582 888 2658 deferret,
911 2582 1101 2647 mitteretur
1135 2582 1171 2645 in
1194 2603 1300 2649 earce-

247 2705 337 2765 rem;
382 2685 409 2747 si
448 2691 585 2760 vestras,
622 2685 808 2749 traderetur
847 2683 881 2746 in
920 2683 1108 2762 m01·tom;⁴
1137 2683 1166 2746 si
1205 2684 1290 2769 regis
1333 2693 1336 2697 ’

247 2783 404 2864 Franciee,
428 2791 597 2865 teneretur
619 2785 764 2861 honeste,
788 2786 845 2849 sed
876 2784 943 2849 noir
975 2785 1165 2869 procederet
1192 2785 1295 2852 donec

246 2887 416 2972 negotium
454 2887 497 2952 ad
544 2909 639 2975 aures
678 2888 763 2973 regis
800 2888 994 2971 perveniret.
1044 2886 1174 2953 CurrIte
1215 2909 1291 2973 ergo

248 2991 362 3054 statim
386 2990 429 3054 ad
452 3011 571 3075 regem,
605 2996 639 3054 et
662 2989 820 3055 advocate
844 2988 1073 3065 Senonensem,
1099 2996 1137 3054 ut
1160 2989 1291 3075 aliquod

250 3098 437 3178 opponatur
471 3091 677 3157 obstaculum
712 3092 787 3157 huic
825 3092 922 3176 operi,
957 3093 1045 3177 quod
1079 3093 1115 3157 in
1153 3112 1298 3176 personae

250 3193 336 3280 regis
371 3201 596 3281 contemptum
635 3200 669 3259 et
701 3195 736 3257 in
770 3214 875 3258 causeo
914 3199 1033 3259 vestrae
1070 3192 1299 3278 praejudicium

250 3296 396 3362 noscitur
419 3296 547 3382 agitari.
595 3295 644 3360 De
680 3303 797 3362 caetero
831 3295 942 3360 sciatis
975 3294 1144 3372 Thomam,
1172 3315 1296 3359 novum

248 3397 514 3462 archidiaconum
538 3394 804 3473 Bathonensem,⁵
826 3417 933 3481 nuper
964 3417 985 3460 a
1017 3417 1090 3481 rege
1114 3395 1155 3460 ad
1188 3394 1294 3460 archi-

250 3498 439 3583 episcopum
451 3497 749 3583 Rothomagensem
764 3497 901 3573 venisse,
918 3504 952 3562 et
974 3519 994 3562 a
1017 3497 1051 3560 N
1053 3495 1218 3561 ivernensi
1234 3496 1301 3582 epi·

250 3619 345 3684 scopo
368 3601 563 3673 transeundi
587 3586 741 3666 inducias
751 3601 943 3686 impetrasse
970 3622 1071 3685 usque
1095 3600 1138 3663 ad
1161 3620 1298 3685 sequen-

253 3707 320 3764 tem
350 3702 566 3775 Dominicam
612 3703 747 3772 Publice
777 3703 866 3768 enim
891 3703 1032 3768 Thomas
1059 3702 1114 3766 ille
1139 3702 1304 3780 clamavit,

247 3807 281 3865 et
304 3803 402 3879 multi
417 3804 476 3869 alii
510 3805 657 3890 quotidie
682 3805 833 3882 clamant,
858 3827 967 3892 regem
991 3806 1026 3869 in
1049 3805 1200 3890 proximo
1223 3826 1292 3870 osse

250 3908 427 3967 venturum
439 3928 448 3984 ;
475 3906 563 3990 quod
597 3906 730 3990 penitus
752 3911 803 3970 est
824 3904 1044 3971 falsissimum.
1091 3905 1154 3970 Per
1176 3905 1297 3991 episco·
1321 3933 1375 3984 The

250 4009 348 4089 patus
371 3995 509 4092 ergoet
536 4006 687 4081 abbatias
710 4013 745 4071 et
775 4027 834 4092 per
865 4006 978 4072 domos
1001 4007 1107 4094 regias
1130 4029 1233 4091 usque
1256 4007 1298 4072 ad
1320 3999 1452 4064 biahopor

249 4113 393 4172 montem
418 4107 534 4184 Sancti
558 4108 736 4186 Michaelis,
759 4107 930 4175 formicino
944 4109 1058 4195 gradu,
1083 4109 1299 4173 Nivernensis
1320 4066 1417 4184 323⁸

1320 4199 1418 4264 slowly.

286 4430 293 4461 ¹
311 4430 503 4495 condempailar,
515 4431 550 4480 A.
839 4432 849 4462 ⁴
866 4433 889 4480 si
901 4439 996 4481 vestras
1013 4466 1020 4481 .
1039 4469 1044 4480 .
1064 4466 1070 4480 .
1089 4435 1195 4490 mortem,
1213 4431 1247 4490 A,
1265 4432 1285 4481 Z
1295 4453 1303 4492 ;

282 4534 292 4565 ²
309 4534 432 4597 auferret,
445 4532 475 4582 Ο.
805 4525 855 4558 ⁰¹¹¹·
866 4510 895 4559 L·

283 4640 294 4671 ³
312 4637 456 4703 diffudicia,
467 4636 507 4697 V3
527 4635 662 4702 drffidpppa,
675 4638 703 4688 Z·
804 4589 847 4716 Z.⁵
867 4589 1049 4650 Batoriensem,
1060 4591 1102 4649 A,
1121 4589 1304 4651 Eumeneticam,
