3278 5662
367 832 407 893 12
812 846 990 897 urrsronn.
1214 834 1295 917 [nn.
1314 838 1411 900 1169.

363 1029 493 1115 cipiatis
516 1030 551 1092 in
586 1029 704 1095 laetitia
725 1036 760 1093 et
791 1031 1021 1096 exsultatione.
1070 1030 1170 1096 Venit
1204 1034 1291 1096 enim
1327 1037 1427 1107 tem,

362 1132 451 1216 poris
473 1132 665 1216 plenitudo,
678 1139 718 1196 ut
750 1132 883 1199 Satanae
911 1155 978 1199 non
1009 1133 1108 1200 liceat
1141 1135 1280 1201 ulterius
1315 1140 1410 1200 tanto

363 1233 474 1298 imore
497 1233 532 1297 in
557 1233 724 1300 ecclesiam
747 1232 962 1313 debacchari3
994 1240 1029 1300 et
1051 1241 1147 1322 pater
1168 1243 1279 1303 vester
1301 1242 1410 1322 potes-

363 1339 466 1399 tatem
489 1335 616 1419 accepit
638 1356 658 1399 a
680 1334 832 1410 Domino,
855 1341 895 1400 ut
916 1337 1021 1421 possit

196 1448 340 1566 Xi'gffn'
381 1466 384 1471 ’
496 1474 661 1539 “Parcere
685 1473 841 1560 subjectis
864 1480 898 1540 et
921 1474 1084 1540 debellare
1108 1475 1293 1562 superbos.”

193 1606 321 1682 ¹l¹h⁰¹¹⁸²
362 1615 500 1679 Utinam
525 1615 663 1679 videant
696 1614 783 1681 oculi
817 1615 882 1679 mei
906 1636 964 1680 vos
987 1637 1055 1700 prus
1078 1615 1206 1681 caeteris
1227 1616 1409 1682 demerito

194 1677 328 1803 liiidie,
361 1716 530 1782 nobilitari
553 1739 647 1803 posse
671 1717 706 1780 in
729 1716 951 1782 consolatione
986 1723 1177 1783 sanctorum
1207 1719 1408 1803 compatien-

361 1818 446 1883 tium
469 1819 572 1884 nobie.
617 1819 757 1883 Utinam
781 1838 839 1883 vos
861 1819 977 1883 artiori
993 1819 1142 1884 caritatis
1157 1820 1291 1885 vinculo
1307 1821 1409 1886 socios

359 1921 472 2006 gaudii
505 1922 610 1986 nostri
643 1922 694 1984 in'
711 1921 822 1985 reditu
855 1919 1102 2006 amplectamur.
1149 1922 1289 1987 Utinam
1321 1943 1410 1988 nunc

361 2029 471 2088 vestra
493 2022 667 2108 diligentia
690 2022 830 2087 seminet
852 2023 888 2085 in
911 2023 1067 2087 ariditate
1098 2023 1320 2109 indigentium
1343 2025 1408 2089 fra·

360 2132 457 2200 trum,
480 2132 515 2191 et
547 2124 690 2189 maxime
725 2124 761 2188 in
793 2125 889 2190 corde
923 2125 1027 2209 patris
1060 2126 1172 2204 vestri,
1198 2126 1286 2210 quod
1318 2130 1408 2210 post

359 2228 493 2292 modum
515 2227 648 2292 metatis
671 2225 707 2289 in
729 2225 859 2312 gaudio.
907 2226 1007 2291 Scitis
1026 2225 1133 2310 ·quis¹
1158 2226 1290 2302 dixerit,
1314 2226 1408 2306 “Qui

340 2322 374 2363 '“
397 2351 494 2415 parce
528 2329 678 2404 seminat,
713 2348 809 2413 parce
841 2336 875 2392 et
910 2333 1021 2403 metet,
1045 2333 1080 2392 et
1111 2328 1169 2412 qui
1200 2328 1343 2393 seminat
1372 2329 1408 2392 in

359 2441 375 2464 “
397 2430 689 2506 benedictionibus,
705 2429 745 2494 dc
769 2429 1053 2509 benedictionibus
1069 2436 1103 2493 et
1118 2429 1247 2495 metet.”
1295 2429 1408 2509 Quidr

358 2532 494 2615 inquies.
541 2532 627 2596 (lum
656 2529 766 2616 gratia
797 2528 971 2614 temporali
994 2530 1100 2594 vitam
1130 2535 1296 2596 aeternam.
1342 2529 1409 2596 Sed

357 2634 496 2699 fortasse
519 2631 752 2718 pertimescitis
787 2632 894 2695 minas
928 2631 1158 2696 insidiantium
1182 2638 1218 2696 et
1238 2633 1408 2697 intentan-

359 2735 444 2800 tium
467 2734 595 2800 labores
618 2740 652 2798 et
675 2733 811 2809 dolores,
834 2738 963 2798 utnon
986 2733 1138 2799 audeatis
1161 2732 1250 2819 quod
1275 2739 1407 2819 tempus

358 2836 469 2923 exigit,
494 2841 529 2901 et
551 2835 695 2902 ecclesiae
718 2834 865 2920 deposcit
887 2835 1074 2912 necessitas,
1098 2832 1158 2898 in²
1179 2834 1335 2920 lacrymis
1358 2857 1406 2901 se·
1431 2853 1437 2865 ¹

357 2941 501 3018 minare3
531 2940 587 3004 sed
618 2937 764 3024 profecto
787 2937 853 3002 fere
878 2935 947 3013 soli,
971 2937 1028 3021 qui
1051 2936 1220 3002 seminant
1242 2938 1278 3001 in
1301 2937 1408 3024 lacry-

356 3041 428 3117 mis,
451 3042 486 3104 in
508 3040 630 3126 gaudio
652 3044 788 3103 metent.
835 3037 931 3101 Nihil
953 3038 1107 3123 estquod
1122 3038 1217 3104 nobis
1240 3036 1409 3103 defuerit³

357 3143 535 3220 hactenus3
568 3140 774 3227 opulentiam
804 3144 839 3204 et
869 3132 1024 3223 quietem,
1046 3139 1121 3204 aliis
1145 3139 1181 3203 in
1203 3144 1350 3225 egestate
1373 3147 1408 3205 et

356 3244 467 3311 labore
504 3265 564 3330 pro
601 3242 790 3308 defensione
827 3240 972 3306 eccleaiae
1016 3240 1254 3319 laborantibus,
1291 3241 1407 3308 divina

357 3346 466 3433 gratia
488 3343 710 3409 ministravit:
743 3362 833 3407 nunc
854 3342 998 3421 demum,
1016 3343 1045 3407 si
1067 3342 1206 3430 placeat,
1229 3351 1265 3409 et
1286 3348 1406 3410 vestrae

357 3445 546 3513 ‹iimretioni
570 3446 678 3510 visum
701 3444 754 3521 sit,
778 3449 818 3508 ut
847 3444 1105 3530 compassionem
1127 3444 1285 3521 caritatis
1307 3466 1406 3531 quam

357 3547 566 3613 tribulationi
600 3547 741 3611 fratrum
765 3544 874 3610 verbis
901 3545 1029 3632 jugiter
1059 3546 1282 3632 praetendistis
1312 3545 1406 3611 exhi-

356 3649 482 3716 bitione
512 3646 643 3734 operis*
674 3645 901 3732 comprobetis.
948 3647 1026 3711 Non
1048 3648 1184 3732 quidem
1206 3653 1245 3712 ut
1267 3647 1334 3712 illis
1357 3671 1405 3714 re-

356 3752 468 3817 missio
491 3752 545 3828 sit,
568 3756 604 3815 et
626 3749 720 3814 vobis
752 3747 947 3828 tribulatio;
979 3748 1100 3814 sodex
1133 3748 1332 3834 aequalitate,
1366 3758 1406 3815 ut

355 3855 391 3918 in
413 3853 568 3940 praesenti
593 3858 739 3937 tempore
754 3855 866 3916 vestra
887 3850 1102 3928 abundantia,
1119 3852 1146 3915 si
1169 3873 1237 3917 non
1252 3853 1405 3918 fraternae

356 3955 460 4041 (quod
483 3955 671 4040 oporteret),
695 3952 813 4017 saltem
839 3959 1004 4038 paternae,
1038 3952 1160 4038 inopiae
1192 3953 1239 4017 sit
1272 3954 1407 4041 supple·

356 4062 506 4123 mentum
530 4055 647 4121 adhuc.
693 4053 854 4139 Alioquin
889 4059 1008 4140 patens
1040 4055 1105 4119 erit
1139 4055 1308 4140 iniquitas,
1341 4057 1401 4122 ubi

355 4159 445 4223 nulla
477 4157 712 4243 aequandorum
751 4143 915 4240 reperitur
951 4156 1134 4240 aequalitas.
1169 4157 1258 4222 Nam
1283 4158 1324 4223 de
1347 4157 1400 4223 his

355 4261 411 4347 qui
428 4260 602 4325 unanimes
618 4263 792 4322 versantur
818 4259 854 4321 in
884 4259 981 4323 domo
1003 4257 1139 4322 Domini
1164 4260 1323 4345 scriptum
1345 4267 1406 4341 est,

356 4361 463 4441 “Qui
493 4360 637 4425 multum
670 4359 814 4425 babebat
844 4382 912 4425 non
944 4360 1139 4436 abundavit,
1162 4361 1278 4446 etqui
1301 4363 1400 4427 modi·

359 4502 558 4510 ——---—-·--
575 4500 743 4508 --.--..-—.
754 4499 796 4507 ...ο
808 4500 1092 4507 --—-..-——--—
1108 4501 1119 4506 -

389 4576 526 4641 ¹qnis,L;
544 4575 612 4641 quid,
625 4575 657 4637 Ο,
669 4576 697 4625 Z.
909 4588 911 4592 “
935 4573 1053 4638 ”defuit
1065 4574 1099 4625 L.

387 4657 398 4689 ²
415 4658 441 4705 in
459 4693 465 4705 ,
483 4694 489 4706 .
509 4694 515 4706 .
533 4693 540 4706 .
557 4655 681 4720 lacryma,
693 4653 724 4713 0,
738 4655 775 4712 Z;
802 4652 855 4712 Qui
938 4654 948 4686 ⁴
964 4655 1054 4718 operis,
1065 4653 1107 4713 ῦς
1124 4669 1174 4705 om.
1187 4655 1217 4704 L.

354 4738 514 4790 seminastis
527 4735 653 4800 lacrymis,
664 4741 696 4795 et,
709 4733 742 4785 L.
