3278 5662
248 806 313 857 nn.
333 789 446 872 ura]
694 800 874 850 nrrsrunrr.
1236 784 1302 847 283

248 985 344 1050 nobis
367 985 461 1049 dabit
485 990 531 1059 ut,
563 983 743 1047 secundum
767 982 856 1066 quod
880 981 1033 1046 volumus
1067 989 1101 1046 et
1135 982 1301 1055 debemus,

250 1087 418 1152 dilectioni
454 1092 573 1150 vestrm
612 1085 809 1169 condignam
844 1084 941 1148 officii
975 1084 1081 1147 vicem
1120 1083 1299 1168 rependere

251 1188 426 1253 valeamus.
474 1186 613 1251 Interim
630 1186 731 1250 vestri
755 1206 913 1249 memores
937 1184 1058 1247 orimus
1074 1188 1152 1248 ante
1170 1183 1278 1248 Deum
1295 1208 1302 1260 ;
1320 1210 1358 1261 He
1370 1209 1440 1258 hints

251 1298 285 1355 et
308 1312 375 1368 ros,
399 1290 426 1354 si
450 1289 567 1375 placet,
590 1287 762 1352 affectione
786 1286 895 1359 simili,
920 1285 1136 1349 memineritis
1161 1285 1277 1350 nostri.
1318 1285 1422 1393 (ἔξω.

639 1530 645 1545 ¹
684 1583 865 1650 DCLXlV.

276 1740 438 1803 manure
466 1738 663 1804 Crumerum
696 1753 908 1801 eo-rxsuars
940 1736 1077 1800 Trionis
1110 1735 1272 1803 Currus-

560 1856 696 1903 arnrsrs
719 1836 1006 1902 lucernensem}
1035 1892 1038 1897 .

375 1979 422 2038 (Α.
435 1982 496 2036 2⁴23
516 1978 546 2027 Ο.
560 1977 584 2026 il.
598 1981 661 2037 2473
680 1978 708 2026 Z.
722 1994 744 2026 ν.
757 1982 803 2035 223
822 1977 887 2039 Lup.
899 1992 923 2024 v.
936 1981 986 2034 223
1003 1975 1095 2025 Thom.
1108 1977 1180 2036 390.)

300 2106 514 2172 sanctissimo
538 2107 670 2171 domino
694 2116 727 2170 et
751 2106 839 2190 patri
869 2105 1035 2169 carissimo
1066 2104 1213 2185 Alberto,
1237 2101 1302 2171 Dei

254 2208 364 2293 gratia
389 2214 512 2273 sanctre
544 2208 701 2271 Romame
731 2207 873 2272 eeclesias
903 2206 1094 2291 presbytero
1126 2205 1298 2287 cardinali,

256 2310 366 2374 miseri
383 2307 637 2375 Oantuariensos
660 2315 767 2373 totum
791 2309 825 2372 id
849 2307 1014 2373 modicum
1036 2309 1125 2393 quod
1147 2309 1300 2375 relietum

255 2419 305 2476 est
328 2412 497 2476 exsulibus
519 2418 553 2476 et
576 2411 766 2495 proscriptis
792 2411 926 2475 sincerae
949 2411 1026 2475 fidei
1048 2418 1082 2475 et
1096 2432 1183 2476 verre
1205 2410 1306 2478 dilee-

238 2514 357 2578 'tionis
380 2514 544 2578 allectum.

302 2614 472 2695 Quantum
496 2616 541 2679 sit
563 2614 748 2679 innocentis
770 2613 976 2680 eonscientiae
998 2614 1119 2677 bonum
1155 2614 1309 2679 nesciunt
1323 2628 1468 2694 eompraint

167 2746 175 2761 .
258 2716 315 2799 qui
338 2716 561 2781 sinceritatem
582 2715 790 2782 conscientias
813 2714 1049 2799 perdiderunt3
1079 2733 1139 2778 nec
1173 2719 1308 2779 veretur
1321 2696 1404 2828 m
1498 2707 1501 2712 ’

257 2816 399 2883 alienam
423 2818 562 2882 funestis
592 2813 771 2881 infestare-³
801 2815 945 2880 consiliis
968 2816 1035 2899 qui,
1058 2814 1159 2879 semel
1189 2815 1306 2882 relicta
1323 2829 1417 2894 poriey.

260 2918 466 2994 verecundia,
491 2919 525 2981 in
551 2917 768 3003 turpitudinis
791 2938 859 2981 sure
882 2916 1102 2981 defensionem
1133 2916 1310 3001 praeclaros

259 3019 346 3082 viros
372 3019 537 3083 desiderat
559 3019 680 3083 habere
702 3026 867 3084 consortes
891 3019 1016 3082 erroris.
1065 3018 1200 3081 Utinam
1225 3016 1309 3085 hoe³

259 3120 385 3184 domini
424 3140 518 3205 papae
556 3121 722 3196 sanctitas,
756 3141 830 3184 cum
865 3118 1007 3185 ecclesiae
1042 3119 1231 3183 confusione
1270 3123 1304 3184 et

260 3221 397 3287 infamia
421 3219 539 3298 Curiae,
562 3242 629 3285 non
652 3230 736 3285 esset
767 3222 802 3283 in
825 3220 945 3285 nostris
968 3226 1106 3305 experta
1134 3219 1297 3305 periculis,

259 3343 437 3407 eorumque
461 3321 560 3387 saluti
586 3322 708 3407 pariter
731 3328 765 3385 et
788 3320 953 3386 honestati
985 3321 1209 3407 repugnantia
1231 3341 1311 3387 oon·

260 3425 335 3489 silia
374 3423 545 3508 sapientire
585 3430 619 3487 et
658 3423 875 3498 auctoritatis
908 3443 974 3507 qua
1014 3422 1140 3488 cunctis
1178 3423 1310 3508 praemi·

260 3526 340 3601 net,⁴
365 3525 479 3610 vigore
510 3525 552 3589 ab
573 3524 669 3588 initio
700 3524 912 3610 reprobasset,
936 3525 993 3606 qui
1018 3525 1215 3608 persuadere
1239 3524 1312 3589 ausi

261 3634 340 3691 sunt
374 3634 412 3690 ut
450 3626 677 3691 innocentium
720 3625 990 3709 proscriptionem
1026 3647 1084 3709 per
1116 3646 1175 3689 sex
1198 3646 1311 3703 annos,

261 3727 426 3791 derisoriis
460 3725 686 3803 dilationibus,
715 3725 900 3809 protelaret.
972 3724 1077 3800 Certe,
1102 3726 1252 3810 quisquis
1279 3735 1313 3791 et

261 3834 544 3912 quantuscumque
587 3826 686 3891 fuerit
728 3824 782 3889 illo
826 3824 1000 3901 consultor,
1047 3824 1135 3891 illico
1183 3826 1314 3891 audisse

261 3931 428 4007 debuerat,
464 3939 479 3965 “
498 3930 588 3995 Vade
627 3946 714 3994 retro
751 3928 909 4005 Sathana,
940 3929 1019 4012 quia
1056 3950 1123 3994 non
1157 3931 1244 4016 sapis
1276 3949 1315 3996 ea

262 4044 277 4066 ‘³
302 4054 375 4116 quw
411 4032 473 4098 Dei
508 4032 613 4095 sunt.n
679 4031 749 4096 Nec
780 4031 1031 4115 persuadebitur
1069 4032 1191 4096 mundo
1228 4031 1316 4117 quod

265 4155 412 4199 suasores
449 4133 504 4196 ist-i
537 4133 644 4197 Deum
680 4140 859 4217 saperent;
895 4132 950 4196 sed
987 4133 1097 4218 potius
1131 4134 1315 4218 pecuniam,

295 4364 302 4394 ¹
322 4362 348 4410 Α
360 4361 410 4410 and
422 4360 445 4410 Ο
456 4359 577 4410 attribute
589 4358 640 4407 this
651 4360 726 4407 letter
737 4367 764 4409 to
819 4358 895 4408 Cant.
907 4357 979 4407 areli.
991 4358 1031 4408 ior
1042 4358 1084 4408 the
1097 4360 1160 4409 later
1170 4358 1237 4409 form
1250 4359 1319 4411 beati

263 4442 306 4491 the
327 4438 498 4502 arehbishop3
526 4439 571 4487 but
589 4437 611 4485 L
631 4436 652 4485 is
671 4437 764 4501 clearly
820 4434 915 4485 d'lromoe
926 4436 1044 4500 martyria
1056 4435 1082 4486 in
1094 4436 1137 4488 the
1148 4437 1267 4505 heading.

261 4519 328 4585 right
341 4518 366 4567 in
378 4516 521 4583 deseribing
538 4516 558 4566 it
574 4530 602 4567 aa
620 4514 719 4566 written
736 4516 762 4566 in
848 4514 1014 4579 2αιιίιειεινε,
1027 4516 1062 4565 V.

261 4599 303 4648 the
323 4610 396 4646 name
416 4596 447 4645 of
464 4596 508 4645 tha
527 4593 607 4644 exiles
626 4594 763 4658 generally.
848 4594 860 4627 ³
878 4594 964 4656 ΜΖ
974 4615 980 4653 ;
998 4594 1058 4655 luae,
1071 4597 1100 4647 L.

261 4676 316 4725 Tho
333 4674 414 4724 editor
431 4674 477 4724 has
496 4672 649 4724 substituted
664 4670 761 4721 ssomoe
848 4674 859 4705 ⁴
873 4674 1024 4738 praeminet,
1035 4675 1065 4725 L.
