3278 5662
190 809 255 858 sn.
274 792 384 877 1171.]
632 811 812 861 nrrsronsr.
1171 801 1236 863 449

186 996 261 1060 dem
283 996 383 1083 regiae
406 1002 525 1062 vestras
548 998 731 1084 majestatis
752 998 903 1086 ingenito
925 999 1082 1075 bonitate,
1115 1003 1149 1062 et
1172 996 1236 1061 eol-

187 1095 256 1161 lstu
278 1118 320 1162 ex
351 1098 489 1164 adverso
511 1120 585 1164 eum
618 1098 775 1164 horrendi
797 1089 980 1186 parricidii
1002 1099 1138 1164 erimine
1171 1118 1237 1181 quo

185 1197 358 1276 noousuris,
392 1220 460 1264 non
492 1200 604 1286 potuit
635 1199 772 1266 hoedo
803 1207 839 1266 te
870 1200 935 1266 sibi
957 1201 1094 1265 sundere
1126 1199 1238 1263 anima

187 1320 269 1364 mes.
316 1299 413 1380 Quod
445 1300 473 1366 si
505 1302 626 1382 insons,
661 1302 733 1367 Deo
755 1303 889 1388 gratias,
923 1303 981 1389 qui
1016 1301 1109 1367 dedit
1140 1300 1236 1365 nobis

187 1400 319 1466 famulis
341 1403 409 1466 tuis
432 1402 629 1468 desiderium
652 1403 759 1470 cordis
781 1405 894 1470 nostri.
941 1403 978 1469 Si
998 1408 1113 1505 autern
1127 1401 1238 1488 proxi-

187 1524 260 1567 mus
283 1507 317 1568 et
339 1505 502 1591 particeps
518 1503 612 1570 effusi
627 1505 806 1593 sanguinis,
821 1506 963 1586 attende,
987 1527 1047 1572 neo
1069 1524 1237 1570 remaneas

187 1604 338 1670 infirmus
376 1606 413 1671 in
450 1607 521 1680 luto
566 1609 653 1673 tanti
691 1613 809 1675 restus.
856 1608 958 1675 Plane
996 1607 1124 1672 nescius
1163 1628 1236 1671 sum

189 1712 303 1771 utrum
335 1714 368 1773 te
406 1708 533 1775 conscio
563 1715 633 1774 turn
670 1710 850 1795 pessimum
872 1709 1004 1775 facinus
1027 1708 1237 1794 designatum

188 1808 292 1874 fuerit
314 1830 423 1875 neone.
470 1809 585 1876 Scribo
616 1816 728 1877 nutem
752 1812 816 1876 tibi
848 1833 916 1876 non
948 1811 1019 1875 sine
1052 1810 1171 1875 timore
1204 1813 1239 1872 et

188 1931 329 1996 pavore;
351 1910 380 1975 si
402 1910 490 1976 enim
513 1912 600 1976 tanti
616 1912 762 1986 criminis
784 1912 904 1990 fautor,
918 1934 960 1977 ne
984 1911 1091 1977 dicam
1114 1915 1238 1985 auctor,

189 2034 282 2091 esses,
304 2013 426 2078 nollem
448 2034 507 2079 nec
529 2012 682 2079 auderem
705 2019 816 2079 tecum
837 2034 941 2101 egere.
988 2013 1085 2087 Quod
1108 2011 1144 2088 si,
1168 2011 1239 2076 fato

189 2116 298 2182 neseio
321 2137 385 2201 quo
407 2115 492 2180 illud
507 2115 662 2192 evenerit,
678 2114 771 2182 doleo
786 2137 865 2182 sane
889 2138 987 2202 super
1003 2120 1036 2180 te
1052 2119 1086 2180 et
1101 2112 1240 2178 mortifi-

190 2217 362 2284 estnbons
372 2239 471 2303 opera
485 2222 553 2296 tua,
568 2218 724 2303 quoniam
740 2218 898 2305 scriptum
916 2223 984 2284 est:
1001 2217 1066 2282 “Si
1082 2216 1240 2282 averterit

190 2329 208 2359 ⁶
230 2341 264 2384 se
282 2319 396 2405 justus
418 2340 439 2384 s
456 2319 591 2405 justitio
613 2342 681 2398 sus,
704 2325 738 2385 et
752 2320 871 2386 feeerit
887 2320 1108 2405 iniquitatem,
1127 2339 1240 2383 omnes

190 2429 208 2457 “
228 2421 371 2506 justitiae
393 2419 465 2506 ejus
488 2442 570 2506 ques
592 2421 716 2508 fecerat
739 2443 806 2487 non
821 2419 1110 2488 recordabuntur.''
1156 2418 1241 2482 Nul-

190 2526 259 2589 lum
278 2523 343 2608 jus,
367 2522 424 2588 sed
446 2544 507 2589 neo
529 2524 712 2610 imperium,
729 2529 825 2590 tenso
848 2524 884 2588 in
907 2523 1115 2589 voluntatem
1130 2526 1243 2602 tuam;

192 2633 226 2693 et
248 2626 326 2692 lieet
347 2625 511 2703 haberem,
534 2624 627 2693 nullo
642 2626 740 2693 modo
755 2647 902 2713 cogerem
919 2631 961 2692 te.
1006 2625 1177 2710 Ingenuus
1192 2628 1242 2686 est

192 2729 280 2794 enim
303 2726 447 2792 hominis
470 2726 621 2807 animus3
645 2727 775 2793 mavult
808 2727 884 2793 duci
907 2748 1007 2813 quam
1031 2725 1129 2791 trahi.
1175 2724 1242 2790 Sed

191 2832 323 2918 siquid
347 2831 436 2897 valet
468 2852 576 2897 eornm
609 2837 642 2896 te
674 2832 852 2918 peccatoris
886 2829 999 2909 oratio,
1031 2850 1145 2916 precor
1175 2828 1244 2892 noli

192 2934 327 3021 perdere
350 2931 476 2998 fruetus
506 2932 667 2997 bonorum
702 2953 837 3018 operum
870 2937 1013 3010 tuorum,
1045 2931 1113 2997 noli
1136 2930 1243 3016 perdi·

192 3044 261 3101 tam
284 3035 448 3121 negligere
470 3034 615 3099 unimam
638 3040 741 3112 tuam,
764 3056 823 3121 pro
838 3057 904 3120 qua
919 3034 1072 3100 Christus
1094 3040 1244 3097 mortuus

193 3143 252 3203 est.
294 3134 501 3225 'Convertere
524 3141 558 3200 et
580 3156 640 3222 nge
663 3136 895 3222 poenitentism
930 3137 973 3201 ub
996 3135 1148 3201 omnibus
1178 3135 1245 3197 ini·

194 3237 387 3325 quitatibus,
412 3241 446 3302 et
468 3258 535 3302 non
549 3237 615 3302 erit
637 3237 699 3302 tibi
722 3239 758 3303 in
774 3238 904 3303 ruinam
920 3238 1087 3323 iniquitas.
1134 3236 1244 3300 Hodie

194 3341 222 3405 si
247 3361 360 3404 vooem
376 3338 512 3403 Domini
527 3339 672 3404 audieris
694 3345 729 3404 et
752 3361 817 3404 non
834 3341 1047 3405 obduraveris
1069 3343 1245 3414 cortuum,

196 3441 360 3507 orationes
382 3440 580 3505 famulorum
603 3447 736 3505 tuorum
772 3441 1128 3520 Grmrdimontensium,
1164 3463 1245 3524 quas

194 3566 268 3610 eum
300 3542 437 3627 jejuniis
470 3541 669 3607 effundimus
707 3549 743 3608 et
780 3543 955 3620 offerimus,
987 3542 1165 3609 ascendent
1201 3543 1244 3607 ad

194 3644 383 3710 Dominum.
