3278 5662
379 817 443 880 546
815 827 995 879 mrsnonn.
1239 808 1319 898 [en.
1336 810 1436 882 1173.

381 1016 457 1083 vite
489 1038 551 1083 sus
572 1017 830 1105 magnanimiter
861 1018 990 1095 claruit,
1013 1021 1048 1083 et
1070 1016 1111 1083 de
1134 1016 1303 1084 miraculis
1337 1008 1436 1102 ejus¹

381 1139 449 1184 non
472 1118 578 1185 solum
601 1121 824 1186 communiet
857 1118 975 1185 celebri
1007 1118 1106 1196 fame,
1129 1119 1187 1184 sed
1209 1118 1309 1184 etiem
1333 1117 1436 1185 dilec-

383 1223 493 1285 torum
523 1220 666 1286 filiorum
704 1216 922 1287 nostrorum²
955 1218 1114 1285 Alberti³
1150 1218 1281 1286 titulo⁴
1316 1217 1437 1286 Sancti

385 1319 557 1387 Laurentii
595 1320 632 1386 in
679 1320 813 1399 Lucina,
852 1328 888 1389 et
924 1321 1143 1398 Tbeodwini,⁶
1178 1321 1279 1388 titulo
1315 1320 1437 1389 Sancti

384 1421 524 1503 Vitslis,¹
539 1424 807 1509 presbyterorum
829 1423 1056 1502 cardinalium,
1079 1429 1115 1490 et
1135 1423 1222 1490 sedis
1244 1422 1437 1510 spoetolicae

343 1580 346 1586 .
383 1522 577 1610 legatorum,
599 1529 635 1591 et
656 1525 796 1591 eliorum
830 1526 976 1612 plurium
1007 1546 1220 1612 personarum
1242 1523 1437 1592 testimonio

383 1627 619 1693 certitudinem
634 1625 766 1712 plenam
781 1627 948 1706 hebentes,
963 1627 1139 1713 praefatum
1153 1627 1436 1714 arehiepiscopum

216 1735 279 1786 Feb·
292 1735 331 1784 21·
386 1728 422 1791 in
444 1729 552 1814 capite
579 1726 710 1812 jejunii,
742 1728 958 1794 multitudine
992 1729 1183 1795 clericorum
1205 1750 1244 1796 sc
1273 1729 1436 1796 laicorum

387 1834 549 1914 praesente
581 1829 618 1892 in
641 1829 784 1906 ecclesie,
807 1830 987 1896 deliberato
1021 1851 1096 1898 cum
1129 1830 1289 1896 fratribus
1311 1829 1437 1897 nostris

218 1925 351 1977 suenni·
388 1928 534 2006 consilio,
557 1930 748 1996 solemniter
759 1931 1033 2011 canonizavimus,
1057 1930 1116 1997 et⁰
1137 1953 1214 1998 eum
1228 1931 1437 1998 decrevimus

217 1998 361 2109 {2¹22wa
388 2037 576 2096 sanctorum
601 2030 812 2117 martyrum⁷
834 2033 969 2119 collegio
985 2033 1293 2113 annumerandum
1315 2030 1437 2098 vobie⁸

80 2197 83 2203 .
217 2126 315 2176 ΨΜ
388 2137 424 2198 et
455 2132 666 2198 universitati
692 2132 840 2198 fidelium
864 2133 904 2198 de
937 2133 1061 2220 Anglia
1083 2134 1266 2221 apostolice
1291 2134 1438 2200 auctori·

387 2238 458 2299 tete
481 2234 688 2312 mandentes,
711 2240 751 2300 ut
784 2233 920 2301 notele⁹
941 2234 1022 2320 ejus,
1045 2235 1099 2300 die
1121 2257 1188 2321 quo
1210 2235 1317 2301 vitem
1340 2256 1437 2301 susm

387 2335 529 2421 gloriose
550 2335 703 2421 passione
718 2335 840 2413 finivit,
855 2335 953 2401 annis
967 2336 1108 2423 singulis
1123 2357 1198 2403 cum
1220 2336 1438 2402 veneratione

223 2438 352 2503 fli⁸b0d5
386 2435 500 2502 debite
521 2436 698 2504 celebretis.
737 2436 902 2516 Quoniam
924 2436 1028 2522 igitur
1050 2436 1188 2524 dignum
1203 2443 1261 2513 est
1284 2441 1319 2503 et
1339 2436 1438 2503 vobin

217 2506 377 2621 ffiffifm'
386 2537 568 2624 plurimum
603 2538 746 2624 expedit,
779 2543 819 2602 ut
850 2542 1000 2602 sanctum
1035 2558 1152 2624 corpus
1184 2538 1254 2623 ejus
1286 2558 1364 2605 cum
1396 2559 1437 2604 eo

387 2659 454 2725 quc
487 2639 581 2706 decet
611 2639 797 2705 reverentie
818 2645 852 2703 et
886 2637 1009 2704 honore
1042 2639 1211 2717 condetur,
1244 2639 1438 2706 discretioni

387 2747 508 2807 veetrae
545 2761 604 2826 per
647 2740 828 2827 apostolice
865 2740 988 2826 scripte
1025 2740 1229 2818 mandemus,
1270 2746 1438 2827 quatenus

387 2864 505 2929 corpus
527 2843 599 2928 ejus
630 2843 749 2909 devote
781 2847 816 2907 et
850 2847 1047 2918 reverenter,
1078 2841 1167 2908 fecte
1187 2840 1324 2908 solemni
1359 2863 1438 2928 pro·

387 2945 540 3022 cessione,
569 2944 683 3030 eliquo
720 2944 886 3030 praecipuo
895 2941 921 2983 ¹⁰
957 2942 1019 3019 die,
1051 2948 1248 3030 congregato
1278 2942 1365 3009 clero
1402 2947 1439 3008 et

389 3046 518 3132 populo,
552 3045 588 3110 in
610 3045 708 3112 elteri
740 3045 917 3111 honorifice
951 3044 1144 3123 recondatis,
1166 3050 1226 3109 eut
1259 3044 1368 3130 ipsum
1401 3045 1438 3110 in

387 3147 500 3233 alique
523 3147 652 3213 decenti
675 3168 773 3232 capse
803 3152 970 3232 ponentes,
992 3151 1091 3230 prout
1112 3147 1277 3223 convenit,
1300 3145 1439 3211 elevetis

390 3250 425 3314 in
448 3249 561 3326 altum,
585 3253 620 3314 et
654 3247 873 3334 patrocinium
896 3247 978 3333 ejus,
1000 3269 1059 3334 pro
1092 3246 1199 3313 salute
1230 3247 1379 3312 fidelium
1404 3253 1439 3314 et

390 3372 470 3436 pecc
508 3349 704 3414 universalis
743 3349 894 3425 ecclesiae,
932 3350 1091 3435 satagetis
1128 3349 1218 3434 opud
1256 3348 1439 3417 Dominum

390 3451 509 3517 vestris
541 3449 605 3535 piis
628 3449 833 3515 orationibus
855 3450 1040 3535 impetrare.
1085 3448 1211 3515 Datum
1222 3449 1245 3490 ¹¹
1278 3449 1442 3538 Signioe¹¹

391 3552 450 3615 iiii.
474 3551 556 3616 Idus
579 3550 701 3616 Martii.

425 3764 433 3797 ¹
451 3767 514 3829 ήκω,
524 3779 575 3813 cm.
589 3763 620 3815 0.
669 3812 672 3817 ,
970 3764 981 3797 ⁸
998 3764 1095 3828 itaque,
1107 3764 1154 3815 im.
1167 3766 1198 3827 0,
1209 3763 1271 3815 with
1282 3764 1441 3829 mudum,

424 3845 435 3877 ²
453 3851 600 3903 socerorum,
612 3843 650 3902 ῦς
667 3859 719 3894 om·
729 3843 760 3893 L.
937 3843 1025 3903 below,
1037 3843 1066 3894 C.
1468 3868 1475 3876 -

425 3922 436 3957 ³
453 3920 562 3971 Assur·
576 3920 629 3983 (ior
641 3920 766 3981 Altero),
778 3919 809 3969 Ο.
969 3920 980 3953 ⁰
997 3920 1086 3972 natale
1102 3957 1109 3972 .
1127 3959 1134 3973 .
1150 3920 1260 3983 .die,0‚
1271 3920 1313 3983 Δς
1330 3922 1440 3973 natale·

425 3999 534 4061 ⁴findo,
556 4000 593 4060 c;
619 3998 695 4060 tituli,
719 3999 752 4059 0,
773 4000 796 4049 L
820 3999 893 4061 (here
936 3997 1010 4058 dieu,
1023 3999 1061 4057 ῦς
1079 3997 1263 4059 natalicium.

392 4081 442 4132 eud
452 4079 556 4139 below).
970 4076 991 4108 ¹⁰
1005 4079 1127 4141 precipio,
1138 4079 1172 4129 A.

426 4160 437 4192 ⁸
456 4155 577 4218 recede,
588 4157 619 4208 0.
971 4154 989 4187 ¹¹
1008 4154 1091 4213 Doto,
1103 4155 1132 4204 Z.
1392 4210 1395 4215 ¹

425 4236 436 4269 ⁸
453 4253 515 4296 eun,
525 4236 562 4297 113
580 4242 604 4284 et
615 4250 677 4295 cunr,
689 4233 725 4294 V,
736 4234 769 4296 Ο,
780 4234 815 4284 Δ.
970 4231 990 4265 ¹²
1010 4232 1124 4296 Siquine,
1135 4233 1178 4296 νς
1199 4232 1312 4298 Siccine,
1323 4234 1356 4297 0,
1368 4236 1404 4285 A.

426 4314 437 4353 7
453 4322 568 4375 natm,
581 4313 611 4366 0.
