3278 5662
268 812 334 861 aa.
353 794 464 880 1170]
705 808 885 857 emsroan.
1260 791 1324 859 379

268 991 348 1057 fulti
379 994 586 1071 auctoritate,
611 995 701 1058 omni
732 993 900 1058 occasione
923 992 1123 1077 postposita,
1146 991 1318 1064 revocetis,

270 1094 373 1161 donec
395 1096 438 1160 ab
455 1096 534 1181 ipsis
556 1097 748 1182 supradicta
770 1096 882 1160 onmia
904 1094 1139 1180 compleantur.
1186 1094 1221 1158 si
1239 1116 1317 1157 vero

270 1197 373 1283 aliqui
398 1200 505 1264 clerici
529 1222 570 1262 ex
594 1200 674 1285 ipsis
704 1198 975 1284 praesumpserint
1006 1197 1168 1262 celebrare
1193 1196 1319 1271 divina,

270 1300 322 1365 vol
348 1301 536 1365 divinorum
561 1302 717 1367 interesse
740 1301 962 1375 celebrationi,
980 1300 1031 1364 rel
1046 1299 1191 1384 aliquem
1215 1319 1320 1361 saeer-

272 1402 383 1467 dotern
415 1403 456 1467 ad
490 1404 721 1468 celebrantium
764 1405 937 1487 coegerint,
972 1404 1057 1489 ipsos
1089 1402 1180 1466 omni
1213 1400 1318 1465 otlicio

273 1510 306 1569 et
329 1505 487 1570 beneficio
509 1506 658 1591 privatos
681 1506 894 1581 denuntietis,
922 1512 957 1570 et
980 1528 1038 1591 per
1061 1510 1165 1570 totam
1199 1512 1319 1568 terrain

272 1607 360 1691 regis
375 1608 505 1671 faciatis
528 1608 676 1693 privatos
699 1608 898 1672 denuntiari.
945 1608 981 1672 Si
1000 1629 1075 1671 rere
1096 1607 1171 1671 laici
1187 1606 1321 1681 fuerint,

270 1717 408 1793 except-o
431 1731 506 1794 rego
530 1714 564 1774 et
588 1709 656 1773 lilio
679 1732 746 1784 suo,
770 1709 828 1793 qui
856 1708 937 1773 talia
969 1708 1248 1795 praesumpserint,
1273 1707 1319 1770 eis

273 1808 389 1873 duram
413 1811 702 1876 comminationem
725 1811 865 1883 faciatis,
890 1817 924 1875 et
946 1810 1153 1875 formidinem
1178 1810 1326 1873 incutia-

274 1914 318 1975 tis
351 1918 385 1977 et
415 1921 573 1978 terrorem
608 1914 696 1999 quod
729 1914 793 1977 nisi
828 1912 1018 1977 destiterint
1049 1911 1193 1997 graviori
1226 1930 1325 1996 perna

274 2012 472 2098 plectantur,
495 2021 539 2091 et,
561 2037 731 2101 quousque
768 2014 983 2091 satisfaciant,
1007 2036 1028 2079 a
1050 2012 1208 2079 ferendo¹
1233 2012 1325 2076 testi-

274 2117 386 2181 monio
409 2118 622 2203 repellantur.

318 2218 442 2282 Datum
467 2219 638 2305 Anagniae,
662 2219 802 2305 serpitirno
825 2220 900 2283 idus
924 2218 1041 2284 Octob.

709 2622 879 2689 DCC-XII.

335 2773 554 2836 narranaam
579 2788 665 2837 mm
689 2772 827 2837 Tamis:
852 2772 1118 2839 Casrranmusr
1143 2790 1265 2837 arreni-

717 2892 888 2941 ariscoro.

455 3028 501 3084 (0.
514 3026 539 3075 ii.
552 3032 616 3086 2555
635 3026 664 3076 Z.
677 3044 701 3075 r.
714 3032 762 3087 '285
781 3028 848 3090 Lup.
860 3044 883 3076 r.
897 3032 928 3076 28
942 3047 949 3085 ;
968 3026 1061 3077 Thone.
1073 3032 1146 3090 226.)

322 3158 358 3221 Si
382 3158 594 3222 enormitates
618 3163 653 3221 et
674 3158 797 3222 seelera
820 3158 1012 3242 iniquorum
1039 3158 1206 3244 impunita
1229 3160 1328 3223 relin-
1344 3176 1400 3227 Oct.
1414 3181 1437 3223 a.

278 3265 467 3341 querentur,
499 3259 607 3323 rirtus
640 3259 801 3323 bonorum
833 3258 928 3322 l'aeile
964 3267 1073 3344 posset
1108 3260 1329 3337 succumbere,

278 3374 312 3423 et
335 3360 419 3425 vitia
442 3361 636 3425 riderentur
657 3360 850 3436 virtutibus,
874 3360 989 3424 ordine
1021 3362 1213 3447 postposito,
1247 3383 1331 3447 prae·

278 3462 395 3528 valere.
441 3462 606 3527 Caeterum
629 3463 672 3527 ab
695 3463 766 3547 ipso
790 3462 970 3528 Conditore
1002 3463 1118 3527 mundi
1141 3462 1330 3529 statutum²

278 3571 386 3630 estet
416 3565 604 3629 ordinatum
635 3569 675 3628 ut
707 3564 848 3629 virtutes
883 3564 1125 3650 p1·u·1ninea1u.,³
1156 3574 1190 3632 et
1222 3567 1329 3632 locum

278 3688 404 3749 semper
427 3665 601 3729 obtineant
623 3673 658 3729 et
680 3666 827 3730 ordinem
856 3667 1065 3751 superiorein.
1113 3668 1199 3732 Sane
1231 3689 1329 3731 rene-

277 3768 438 3832 rabilibus
461 3767 619 3831 lratrilrus
651 3768 780 3843 uostris,
804 3768 1061 3852 ltotbomageusi
1085 3770 1329 3855 archiepiscopo

279 3874 313 3934 et
336 3870 535 3934 Nirer·nensi
558 3870 718 3955 episeopo,
742 3891 799 3954 per
822 3872 945 3954 scripta
968 3879 1082 3935 nostra
1114 3874 1328 3957 praecepimus

280 3978 326 4044 ut,
349 3983 524 4057 postauam
548 3972 588 4035 de
612 3992 691 4056 pace
716 3972 802 4035 inter
833 3977 874 4048 te,
899 3973 999 4036 frater
1021 3973 1273 4059 archiepiscope,
1296 3982 1330 4039 et

279 4074 482 4138 carissimum
516 4073 552 4136 iu
586 4072 720 4137 (nn-isto
752 4073 857 4136 filiurn
893 4081 1041 4138 nostruin
1076 4074 1237 4140 illustrem
1260 4078 1329 4140 Au-

277 4175 405 4261 glorum
430 4196 538 4259 regern
564 4174 771 4239 reformanda
801 4174 880 4239 certi
914 4175 1118 4252 exsisterent,
1143 4200 1197 4239 eos
1230 4179 1331 4262 quia

280 4282 311 4339 te
335 4276 471 4339 lucrant
494 4275 782 4350 cxcounnunieati,
799 4276 980 4340 secundum
1004 4276 1142 4340 formam
1167 4277 1229 4341 sibi
1247 4301 1329 4362 pue-

279 4377 389 4453 frxam,
406 4376 623 4441 absolverent.
670 4376 794 4441 Verum
818 4377 974 4461 quoniam
1000 4377 1192 4443 dubitamus
1217 4388 1329 4444 utrum

358 4526 404 4532 ——
423 4525 444 4532 --
462 4525 475 4532 .-
999 4527 1052 4534 —--.
1231 4531 1235 4536 Ι
1258 4532 1329 4540 -.·.-

313 4598 319 4629 ¹
338 4596 468 4663 ‹rsl'ereudo
481 4597 533 4656 (lor
544 4612 560 4646 u
564 4596 699 4663 fironda),
711 4596 746 4646 V.
861 4598 872 4630 ³
887 4602 1073 4663 petroniacum,
1087 4601 1118 4651 L.

312 4679 322 4711 ·'
340 4678 507 4738 ‹torrelilulurrr‚
518 4678 550 4726 (l.
