3278 5662
201 818 267 869 so.
285 805 397 888 nro]
638 817 816 868 srrsroes.
1192 806 1254 867 225

201 1004 420 1070 substitimus
441 1025 520 1091 ergo
543 1010 715 1091 stupentes
739 1005 828 1090 quod
843 1005 929 1069 nihil
953 1003 1049 1071 nobis
1072 1004 1256 1091 significare

200 1107 339 1173 curastis
370 1105 424 1171 vel
459 1107 500 1171 de
534 1106 643 1171 reditu
676 1112 796 1183 vestro,
819 1106 873 1171 vel
906 1107 947 1172 de
980 1107 1099 1172 itinero
1132 1112 1254 1172 nostro.

201 1209 301 1275 Nune
332 1212 445 1274 autem
479 1208 632 1274 similiter
665 1208 810 1274 scribitis
842 1214 882 1273 ut
906 1209 1001 1274 vobis
1036 1209 1253 1274 redeuntibus

201 1332 416 1389 occurremus,
439 1332 500 1377 nee
522 1310 609 1376 diem
633 1311 835 1396 designetis;
870 1312 963 1397 qussi
994 1317 1054 1377 eut
1076 1309 1157 1376 nos¹
1182 1333 1254 1377 ves-

202 1422 291 1481 trum
325 1414 487 1500 possimus
521 1413 664 1477 reditum
688 1412 849 1489 divinare,
874 1420 934 1479 sut
957 1413 1163 1478 abundemus
1197 1435 1254 1478 ex-

194 1516 319 1603 pensis,
342 1522 390 1591 ut,
422 1515 492 1579 sine
527 1535 624 1580 onero
656 1515 835 1581 amicorum
858 1515 916 1601 qui
950 1515 1046 1581 nobis
1068 1520 1102 1580 et
1133 1515 1253 1580 nostris

201 1640 287 1704 saepe
308 1618 481 1685 necessarii
513 1624 601 1694 sunt,
625 1618 747 1683 morari
782 1624 816 1683 et
847 1624 1037 1704 exspectare
1060 1640 1120 1683 vos
1144 1617 1253 1683 volea-

201 1741 274 1785 mus
299 1720 341 1785 in
374 1720 525 1786 domibus
557 1720 683 1786 olienis.
731 1721 815 1786 Inde
838 1727 889 1787 est
912 1722 999 1807 quod
1023 1721 1118 1786 vobis
1141 1740 1253 1787 oecur-

201 1844 271 1889 rero
294 1843 361 1889 non
374 1843 557 1911 ¹possumus
580 1823 616 1887 in
639 1823 810 1912 incertum,
833 1822 911 1889 lieet
933 1824 1028 1909 proni
1052 1824 1163 1901 simus,
1178 1845 1253 1889 eum

202 1925 328 1991 fruetus
351 1924 480 1991 itineris
502 1924 606 1989 nostri
630 1924 843 2010 apparuerit,52
865 1925 908 1989 od
942 1924 1112 1989 dominum
1143 1946 1253 2011 regem

201 2026 360 2103 accedere,
384 2032 417 2090 et
449 2026 561 2111 ipsius,
585 2026 620 2089 in
644 2026 907 2111 quibuscumque
939 2027 1119 2091 seeundum
1142 2027 1251 2092 Deum

201 2137 234 2195 et
269 2129 412 2195 eeclesia}
438 2129 647 2194 honestatem
683 2129 873 2213 poterimus,
905 2129 1041 2215 obsequi
1075 2128 1253 2194 voluntati.

201 2233 320 2297 Valeat
351 2255 479 2318 semper
514 2241 548 2297 et
583 2236 794 2319 prosperetur
827 2231 863 2295 in
896 2231 1038 2298 Domino
1061 2254 1136 2298 earu
1158 2234 1253 2297 nobis

204 2341 314 2401 vestre
337 2335 538 2401 fraternitas.

614 2699 868 2770 DOXXXVIII.

240 2852 386 2917 Tirorms
410 2852 690 2921 Orurusruessrs
712 2874 1006 2926 Asemrrrscorus
1029 2860 1223 2927 Gsorsrroe

480 2957 780 3024 Aurrs1ooomms1
805 2977 976 3027 miseere.

315 3106 360 3163 (A.
373 3108 438 3163 232;
456 3106 488 3154 ο.
500 3106 526 3155 s.
539 3110 604 3168 oe,
626 3110 696 3158 zm.
708 3114 756 3168 rm
775 3111 840 3175 Lup.
852 3110 884 3161 iv.
898 3116 947 3172 ro,
965 3111 1055 3164 mom.
1070 3113 1139 3177 111.)

248 3230 387 3296 Secutus
410 3232 508 3298 fidem
530 3241 673 3301 vestram
696 3238 806 3323 potius
830 3260 928 3325 quem
952 3241 1115 3306 rationem
1138 3263 1254 3325 meam,
1268 3246 1395 3297 Themin

1265 3314 1374 3378 jotmey
1385 3321 1413 3364 to

202 3352 268 3394 non
291 3334 362 3398 sine
385 3334 497 3400 labore
520 3338 584 3401 mei
608 3343 643 3401 et
665 3360 810 3405 meorum
845 3363 926 3426 quos
949 3344 990 3408 de
1013 3345 1154 3410 diversis
1176 3345 1255 3412 loeis
1269 3380 1397 3431 Pontoise.

203 3456 425 3514 evocaveram,
462 3439 580 3502 accessi
622 3440 754 3525 usque3
799 3444 1014 3523 Pontisarsm
1052 3469 1126 3513 oum
1164 3450 1254 3513 omni

202 3534 391 3604 humilitate
414 3538 630 3606 reformande
653 3544 743 3627 pacis
767 3566 841 3629 quoe
863 3547 1057 3631 sperabatur
1079 3555 1254 3635 acceptans

203 3640 413 3705 occasionem.
459 3642 527 3706 Ubi
551 3646 690 3730 receptis
713 3647 835 3711 litteris
857 3651 985 3727 vestris,
1002 3650 1122 3735 quibus
1144 3674 1197 3718 me
1219 3659 1255 3719 et

203 3760 290 3805 meos
314 3742 462 3809 innotuit
477 3766 545 3808 esse
561 3745 700 3824 delusos,
715 3770 889 3834 persuasus
912 3774 983 3815 sum
1006 3774 1048 3817 ne
1072 3754 1113 3818 de
1135 3761 1254 3819 caetero

203 3843 333 3907 credam
371 3845 461 3909 omni
499 3846 641 3930 spiritui,
680 3855 714 3913 et
758 3872 800 3914 ne
838 3857 907 3915 tom
954 3852 1048 3919 focile
1086 3856 1254 3921 coexsules

203 3965 300 4019 meos,
325 3944 449 4011 Christi
473 3969 633 4033 pauperes
656 3955 691 4013 et
713 3953 921 4037 proscriptos
943 3954 1087 4041 affligem
1110 3959 1254 4044 emplius

204 4047 405 4113 discursibus
438 4051 533 4114 vanis
565 4056 599 4115 et
631 4054 819 4139 sumptibus
852 4057 989 4141 mugnis.
1044 4056 1096 4136 Et,
1119 4061 1148 4123 si
1170 4061 1254 4126 milri

202 4150 421 4217 credidissetis
444 4173 523 4217 rere
545 4153 678 4231 dicenti,
700 4157 833 4242 utrique
855 4165 1006 4223 nostrum
1028 4160 1145 4225 utilius
1168 4169 1254 4228 esset

203 4257 421 4336 prospectum.
477 4252 578 4320 Nune
599 4262 712 4321 eutem
740 4258 900 4345 insipiens
922 4259 1028 4326 foetus
1051 4283 1146 4342 sum;
1180 4264 1254 4349 quis

203 4374 254 4418 me
289 4355 440 4439 coegerit,
464 4356 537 4440 quis
572 4357 742 4425 induxerit
771 4360 902 4447 plenius
935 4364 1034 4431 scitis.
1090 4364 1160 4431 Nee
1193 4366 1255 4434 hoo

378 4496 421 4501 —.
651 4500 939 4509 .-—....-—.—.----
988 4506 1024 4511 —
1044 4504 1163 4513 -.——-

239 4555 246 4585 ¹
265 4562 296 4611 et,
309 4554 357 4604 ins.
373 4556 401 4603 L.

237 4634 247 4665 ²
263 4634 438 4696 apparuerim,
450 4634 491 4694 03
508 4636 615 4687 marked
626 4636 665 4687 sor
678 4638 824 4698 ultcrntiou,
836 4638 877 4699 A,
895 4642 1056 4706 apparuerit,
1068 4642 1097 4701 Z,
1109 4644 1139 4694 L.

236 4713 246 4741 ³
264 4711 306 4771 ud,
319 4712 367 4760 ius.
380 4711 415 4771 A,
426 4710 465 4769 O;
484 4729 533 4765 om.
547 4716 577 4776 Z,
587 4716 617 4765 L.

290 4806 306 4837 o
320 4796 407 4843 12478.
1099 4815 1120 4863 Ρ
