3278 5662
349 787 414 850 398
790 799 968 849 nmsrona.
1210 784 1288 867 [an.
1307 782 1403 851 1170.

348 988 580 1072 compassionis
612 988 740 1064 amisso,
766 1008 786 1051 a
821 987 1035 1051 tribulatione
1070 986 1173 1071 ipsius
1197 987 1246 1050 ita
1267 986 1401 1051 misera-

348 1089 448 1152 tionis
471 1088 601 1154 oculum
633 1088 811 1164 avertistis,
845 1093 884 1151 ut
915 1088 1022 1152 dicere
1055 1088 1202 1172 potuerit
1236 1087 1324 1172 quod
1348 1088 1401 1150 vir

348 1191 403 1254 ille
438 1190 550 1274 justus
585 1195 620 1254 et
654 1190 832 1254 timoratus
868 1189 942 1265 Job,
977 1189 1065 1254 inter
1103 1189 1237 1275 flagella
1274 1189 1402 1275 positus

348 1293 556 1377 querebatur,
572 1291 701 1356 dicens:
728 1291 888 1355 “Fratres
905 1291 968 1355 mei
992 1291 1225 1376 praeterierunt
1248 1312 1300 1354 me
1315 1291 1402 1354 sicut

347 1399 517 1459 “torrens
552 1393 609 1478 qui
645 1393 767 1478 raptim
805 1392 881 1455 fluit
914 1392 949 1455 in
982 1392 1218 1457 convallibus'’
1266 1392 1402 1457 Poterat

348 1496 442 1560 vobis
465 1494 546 1558 satis
563 1492 681 1557 Divini
700 1493 820 1579 judicii
842 1498 1001 1557 terrorem
1025 1492 1196 1570 incutere,1
1223 1495 1311 1578 quod
1335 1514 1402 1557 non

347 1595 540 1661 ascendistis
573 1616 614 1658 ex
646 1595 793 1670 adverso,
827 1616 886 1658 nec
917 1594 1074 1679 posuistis
1107 1616 1167 1658 vos
1200 1616 1339 1671 murum,
1363 1600 1403 1657 ut

348 1697 479 1762 staretis
509 1717 567 1781 pro
600 1696 697 1760 domo
732 1695 866 1760 Domini
905 1695 940 1758 in
976 1695 1028 1760 die
1054 1695 1169 1781 praelii,
1202 1698 1290 1780 quod
1323 1696 1403 1760 facti

348 1799 426 1862 estis
449 1797 535 1862 sicut
568 1796 688 1861 arietes
720 1818 787 1861 non
821 1797 982 1861 habentes
1016 1817 1141 1862 cornua
1175 1804 1254 1862 ante
1285 1798 1401 1862 faciem

348 1898 586 1985 subsequentis.
632 1898 699 1962 Vos
722 1899 858 1984 insuper
880 1899 916 1961 in
940 1920 1024 1974 eum,
1050 1899 1108 1983 qui
1131 1921 1219 1965 unus
1241 1902 1282 1964 de
1307 1906 1404 1965 tanta

349 2000 564 2065 multitudine
588 1999 713 2063 zelatus
736 2006 786 2064 est
811 1999 916 2084 legem
933 1999 1078 2075 Domini,
1094 2001 1304 2065 convertistis
1319 2024 1403 2086 prcu-

350 2108 441 2184 lium,
457 2112 500 2182 et,
516 2105 603 2170 sieut
618 2105 667 2168 ait
692 2105 871 2191 propheta:
897 2103 1038 2190 desuper
1053 2105 1202 2172 tunicam
1218 2107 1404 2172 abstulistis

351 2215 385 2273 ct
419 2209 565 2295 pallium.
614 2207 697 2272 Cum
732 2208 820 2272 enim
853 2206 949 2271 bonae
984 2208 1149 2272 memoriae
1187 2207 1403 2285 Theobaldus,

351 2313 567 2397 praedecessor
582 2308 729 2392 ejusdem
747 2307 992 2394 archiepiscopi,
1008 2308 1177 2374 carissimo
1199 2310 1269 2374 fflio
1292 2316 1403 2374 nostro

352 2413 496 2478 Henrico
528 2409 714 2495 Anglorum
757 2411 827 2496 regi
863 2430 1025 2487 coronam,
1060 2411 1147 2474 sicut
1179 2412 1310 2489 dicitur,
1344 2413 1406 2475 im-

351 2514 515 2601 posuerit;
540 2534 616 2579 curn
641 2513 741 2577 etiam
774 2517 963 2577 antecessor
986 2512 1090 2598 ipsius
1113 2514 1198 2599 regis
1221 2515 1264 2580 ab
1291 2515 1405 2580 eodem

352 2638 503 2682 coronam
527 2615 700 2698 acceperit,
734 2635 773 2679 ac
807 2635 865 2699 per
903 2613 965 2679 hoc
989 2613 1239 2679 Cantuariensis
1271 2617 1406 2682 ecclesia

353 2719 446 2803 quasi
475 2715 712 2802 possessionem
737 2714 837 2800 hujus
863 2714 1039 2800 dignitatis
1065 2715 1210 2791 haberet,
1235 2738 1295 2781 vos
1317 2740 1406 2785 nunc

354 2819 433 2883 novi
457 2817 543 2902 regis
558 2815 774 2892 coronationi,
791 2836 829 2879 eo
854 2815 1051 2900 irrequisito,
1078 2816 1114 2879 in
1141 2817 1312 2901 provincia
1327 2819 1406 2904 ejus,

356 2921 575 2985 ministerium
611 2918 681 2982 sive
726 2939 895 2983 assensum
928 2924 1074 2983 vestrum
1112 2920 1266 3005 praebere,
1311 2923 1407 2987 nobis

355 3023 552 3088 auctoritate
592 3020 774 3105 apostolica
817 3027 852 3085 ct
893 3020 1015 3085 fitteris
1049 3019 1285 3100 inhibentibus,
1323 3046 1407 3109 prse-

354 3123 550 3209 sumpsistis.
598 3123 644 3186 Et
666 3121 724 3206 qui
751 3122 897 3187 relevare
924 3121 1028 3206 ipsius
1059 3122 1213 3186 exsilium
1240 3125 1407 3209 qualibus-

355 3222 517 3310 cumque²
552 3222 680 3288 solatiis
707 3222 879 3299 debuistis
905 3223 1112 3308 aggravastis
1137 3224 1249 3309 potius
1275 3247 1407 3290 causum

355 3328 435 3408 ejus,
473 3331 508 3391 et
532 3347 630 3411 super
664 3323 808 3398 dolorem
844 3323 1020 3387 vulnerum
1062 3324 1166 3409 ipsius
1191 3327 1294 3410 (quod
1326 3349 1407 3391 moe-

356 3434 466 3491 rentes
497 3426 654 3509 dicimus)
678 3423 862 3488 addidistis.
922 3425 962 3487 In
999 3447 1063 3509 quo
1099 3426 1196 3500 facto,
1231 3429 1259 3490 si
1295 3436 1409 3494 contra

356 3549 511 3614 personas
535 3533 662 3592 vestras
685 3547 752 3591 non
776 3532 937 3611 quantum
960 3526 1057 3612 culpa
1080 3527 1186 3613 exigit
1208 3550 1408 3609 moveamur,

358 3629 553 3715 pertransire
586 3635 697 3692 tamen
731 3626 794 3692 hoe
826 3627 888 3690 sub
919 3626 1050 3692 silentio
1083 3649 1149 3692 non
1180 3629 1344 3708 debemus,
1367 3654 1408 3696 ne

254 3758 257 3763 ·
356 3733 441 3797 forte
476 3731 579 3816 (quod
612 3729 704 3793 Deus
737 3730 959 3814 ave1·tatl)ct
992 3750 1052 3793 nos
1085 3735 1119 3793 et
1151 3751 1210 3795 vos
1245 3735 1410 3798 sententia

357 3835 490 3898 Divinae
513 3832 701 3897 severitatis
734 3831 875 3908 addicat,
911 3831 937 3894 si
973 3830 1076 3907 vobis,
1100 3836 1138 3895 ut
1169 3833 1219 3898 ait
1241 3834 1409 3920 propheta,

357 3936 514 4021 parietem
538 3933 743 4020 erigentibus
766 3954 825 3997 nos
849 3955 924 3997 eum
948 3932 1019 3996 luto
1042 3933 1165 4017 absque
1188 3935 1291 4020 paleis
1314 3937 1411 4002 linia-

355 4059 437 4114 mus,
461 4042 496 4101 et
517 4035 681 4100 similibus
716 4034 845 4098 aditum
868 4033 1054 4120 pandamus
1088 4037 1291 4116 excessibus;
1321 4039 1410 4103 sica

356 4159 430 4224 quse
464 4139 499 4201 in
532 4136 638 4201 oculis
671 4132 796 4200 etiam³
827 4135 973 4200 omnium
1009 4156 1181 4221 perperam
1220 4142 1295 4203 acta
1332 4146 1412 4203 sunt

357 4238 596 4326 neglexerimus
626 4236 804 4301 vindicare.
852 4235 1021 4300 Noveritis
1054 4236 1166 4322 itaque
1190 4259 1249 4302 vos
1283 4241 1410 4304 tamdiu

356 4343 398 4407 ab
440 4339 617 4426 episcopali
663 4337 778 4416 officio,
816 4338 989 4403 commissa
1026 4339 1121 4403 nobis
1158 4361 1180 4406 a
1224 4340 1295 4407 Deo
1334 4364 1409 4409 auc-

1040 4505 1168 4513 ---——-—
1179 4508 1290 4515 a—.---
1315 4509 1387 4515 *-

389 4595 398 4628 ¹
415 4595 553 4656 incurrere,
563 4592 599 4645 V.
944 4594 955 4625 ³
972 4593 1055 4654 eriam,
1066 4608 1116 4642 om.
1127 4593 1162 4643 A.

390 4674 401 4707 ²
419 4671 642 4737 qualibetcunque,
653 4671 687 4721 A.
