3278 5662
188 832 383 914 nullos]
625 842 804 891 srrsronn.
1193 823 1235 886 45

187 1035 276 1100 tibus
314 1032 453 1109 meritis,
475 1029 685 1097 anathemate
717 1027 959 1103 condemnavit,
987 1031 1082 1091 tanta
1117 1026 1237 1090 severi·

185 1141 255 1204 tate
280 1133 475 1210 conterere,¹
498 1137 582 1198 uta
604 1129 783 1199 similium2
803 1151 886 1196 ausu
910 1128 1028 1214 reliqui
1051 1134 1237 1195 terreantur

185 1238 334 1326 exemplo
357 1236 525 1304 vindietae.

636 1594 790 1662 DXLIX.

229 1749 376 1815 Tronis
398 1748 684 1815 Currusmrusrs
706 1760 1000 1812 nucmnrrscorus
1023 1745 1187 1811 Hernico

484 1849 729 1915 eromsnm
752 1860 940 1914 mrsooro.a

297 2002 346 2065 (A.
359 2006 425 2063 2003
443 2004 475 2055 Ο.
488 2002 516 2052 li.
527 2005 594 2062 20⁶3
611 2000 640 2052 Z.
651 2001 686 2051 iii.
699 2005 748 2060 9³3
767 2002 831 2065 Lup.
843 1999 878 2049 lii.
892 2005 940 2057 sa;
957 1998 1050 2048 thom.
1064 2001 1133 2060 158.)

232 2130 420 2198 Venerabili
458 2132 602 2208 domino,
634 2137 677 2210 et,
710 2137 781 2197 tum
814 2130 1024 2216 provectione
1059 2131 1167 2194 aetatis
1201 2134 1236 2194 et

186 2254 314 2299 morum
337 2234 525 2313 sanctitate,
540 2240 613 2299 tum
635 2233 888 2301 consecrationis
911 2254 1054 2308 munere,
1070 2231 1236 2297 carissimo

187 2335 274 2421 patri
289 2335 445 2414 Henrioo,
459 2334 524 2400 Dei
542 2335 651 2421 gratia
666 2334 888 2400 Wintoniensi
911 2335 1071 2420 episcopo,
1086 2332 1237 2410 Thomas,

186 2438 331 2522 ejusdem
369 2438 578 2504 miseratione
617 2435 868 2504 cantuariensis
901 2435 1164 2521 archiepiscopus
1203 2440 1237 2499 et

186 2541 272 2606 sedis
302 2540 493 2627 apostolicus
524 2540 661 2626 legatus,
693 2540 900 2619 salutemet
931 2540 1021 2606 beati
1047 2539 1237 2605 certaminis

187 2663 316 2708 cursum
339 2642 481 2709 feliciter
502 2663 737 2709 consummare.

231 2743 424 2810 Sinceritati
446 2748 573 2821 vestrae,
596 2748 692 2829 pater
717 2743 866 2821 amande,
889 2747 1031 2828 quantas
1061 2763 1121 2828 pro
1155 2748 1236 2806 tem·
1250 2751 1404 2800 lhonksfor

188 2865 264 2931 pom
288 2845 366 2913 licet
387 2845 572 2932 gratiarum
601 2844 774 2911 referimus
804 2844 949 2911 actiones
979 2866 1077 2930 snper
1099 2843 1237 2909 honesto
1251 2826 1365 2932 {pppom

188 2952 222 3011 et
243 2946 342 3033 pleno
364 2946 547 3033 sapientire,
569 2946 784 3026 maturitatis,
807 2952 843 3012 et
864 2945 983 3011 Divini
1009 2947 1138 3012 timoris
1161 2967 1235 3013 eon-

187 3047 269 3126 silio,
292 3047 382 3133 quod
408 3049 504 3113 nobis
536 3047 571 3113 in
594 3048 715 3133 spiritu
746 3048 953 3115 fortitudinis
976 3054 1088 3114 vostra
1118 3049 1237 3114 caritas

188 3171 245 3237 per
271 3151 486 3236 praesentium
517 3150 655 3215 latorem
686 3172 793 3236 nuper
815 3151 978 3229 exhibuit,
1002 3159 1037 3218 et
1066 3174 1164 3237 super
1186 3173 1238 3216 so-

188 3251 268 3316 latio
290 3251 378 3335 quod
408 3251 662 3319 necessitatibus
692 3253 814 3317 nostris
837 3260 950 3318 vestra
979 3254 1101 3339 saepius
1130 3254 1237 3339 pietas

189 3351 400 3420 ministravit.
454 3351 520 3430 Sic,
542 3358 647 3438 pater,
670 3353 764 3420 decet
787 3355 896 3419 virum
920 3355 1080 3441 sanguine
1103 3377 1236 3442 genero-

187 3477 270 3533 sum,
292 3461 328 3520 et
358 3453 505 3521 clarum³
535 3455 645 3523 atavis
672 3456 812 3542 regibus,
836 3456 893 3522 sed
920 3457 1013 3523 cultu
1036 3458 1172 3524 virtutis
1205 3464 1239 3523 et

188 3557 355 3644 religionis
377 3555 583 3623 exhibitione
606 3556 832 3636 clarissimum,
846 3560 976 3645 generis
999 3582 1157 3627 exornare
1181 3582 1238 3626 no-

188 3658 361 3724 bilitatem.
407 3657 464 3725 Sic
478 3658 578 3724 debet
593 3657 718 3725 Christi
740 3660 890 3726 sacerdos
911 3666 945 3725 et
967 3661 1117 3747 pontifex
1134 3662 1239 3727 vitam

188 3780 422 3838 consummare,
438 3765 479 3827 ut
501 3760 619 3825 vivens
633 3760 830 3828 honorificet
845 3762 1067 3828 ministerium
1084 3785 1189 3842 snum,
1204 3773 1239 3830 et

188 3862 358 3929 eeclesiam
375 3860 502 3929 Ohristi
524 3867 600 3948 post
622 3862 693 3929 fata
707 3863 869 3943 rsdifieet3
895 3870 930 3930 et
954 3864 1070 3931 relicto
1092 3866 1237 3951 probita-

190 3964 233 4029 tis
250 3963 401 4052 exemplo
416 3964 564 4050 posteris,
586 3984 647 4030 sua
661 3964 716 4031 vel
731 3965 964 4052 perfectiores⁴
978 3966 1078 4035 saciat
1094 3967 1240 4032 imitari⁵

282 4102 365 4109 .-..—.
380 4102 480 4109 -.-.—...
497 4101 671 4108 ——-.—..-
683 4104 714 4110 ....
726 4104 747 4109 ..-
768 4104 933 4111 —.-...--..
961 4105 1015 4111 „-

223 4162 383 4226 ἐπίασι,
393 4161 479 4225 Δ,ος
497 4164 600 4224 conteri,
611 4164 640 4212 L.
771 4164 897 4224 ‘evirare
926 4166 961 4228 A,
990 4166 1029 4225 0;
1068 4168 1174 4228 inarari,
1208 4170 1238 4219 L.

221 4240 401 4302 'assimilim
413 4241 449 4292 V.
739 4245 768 4308 (“
779 4243 862 4294 Vobis
882 4243 1027 4309 relinquens
1046 4247 1190 4311 exemplum
1211 4258 1238 4298 ut

221 4319 233 4353 ³
249 4319 334 4379 claris,
345 4319 382 4381 V,
392 4318 413 4369 Ζ
424 4339 432 4378 3
449 4317 554 4380 nam,
567 4318 599 4379 Ο,
611 4317 645 4369 L.
738 4324 753 4350 ‘⁴
770 4322 912 4385 sequamini
923 4321 1031 4389 vestigia
1037 4323 1118 4387 aiunl*
1137 4324 1158 4373 Ι.
1168 4326 1237 4376 Pctr.

222 4398 233 4431 ⁴
247 4399 427 4465 perfectioris?
737 4398 763 4453 ii.
775 4402 830 4466 Ἢ.)

223 4583 233 4607 ·
249 4575 312 4625 This
330 4576 405 4627 letter
417 4590 470 4626 vas
485 4577 613 4642 probably
624 4576 692 4627 vrit·
741 4578 831 4643 bishop
843 4579 909 4629 aster
919 4580 961 4630 the
973 4581 1183 4633 Ascension-tidc
1193 4598 1238 4633 ex-

190 4666 232 4706 ten
259 4671 329 4705 some
358 4655 420 4706 timc
445 4655 531 4705 before
558 4655 601 4705 the
622 4664 692 4715 next,
742 4658 973 4709 communicatione.

191 4733 271 4785 which
290 4749 341 4784 vus
364 4734 502 4785 addrcssed
519 4740 546 4783 to
561 4733 606 4784 the
625 4748 693 4783 same
