3278 5662
356 766 419 829 582
791 770 971 821 mrsronrs.
1219 750 1300 838 [so.
1318 753 1418 827 1185,

356 962 445 1037 Maii,
467 966 599 1026 tantum
622 958 793 1045 negotium
815 957 920 1043 possit
940 954 1119 1022 terminari
1167 953 1308 1040 Oportet
1323 953 1416 1018 enim

356 1063 399 1127 ad
421 1061 492 1147 ejus
517 1060 761 1126 exsecutionem
785 1056 928 1143 plurima
950 1055 1137 1142 praeparari.
1184 1053 1415 1120 Nihilominus

357 1164 492 1250 expedit
515 1161 567 1226 his
592 1162 648 1246 qui
679 1159 809 1246 longius
832 1159 955 1225 absunt
985 1158 1085 1244 hujus
1108 1156 1304 1223 festivitatis
1327 1163 1414 1224 tcm-

357 1289 419 1353 pus
441 1267 490 1331 ite
511 1263 710 1339 denuntiari,
727 1262 814 1348 quod
836 1263 879 1328 ad
901 1262 944 1338 id,
961 1262 1048 1329 sient
1071 1259 1268 1338 desiderant
1283 1259 1414 1346 possint

358 1368 597 1456 competentius
620 1365 799 1451 pervenire.
856 1364 988 1432 Placeat
1010 1364 1125 1448 itaque
1147 1362 1320 1428 serenitati
1340 1383 1413 1427 ves-

357 1479 418 1538 tmo
455 1471 587 1537 domino
621 1474 655 1534 et
692 1467 781 1553 patri
815 1471 926 1532 nostro
957 1465 1149 1531 Baldcwino
1180 1462 1415 1533 Cantuariensi

358 1573 598 1659 archiepiscopo
629 1575 663 1635 ct
693 1570 788 1635 nobis
811 1569 1018 1634 voluntatem
1042 1571 1187 1634 vestram
1219 1565 1412 1654 significare.

359 1676 399 1740 ld
423 1696 564 1759 namquo
589 1675 827 1757 exspectamus,
847 1675 886 1734 ut
909 1669 949 1734 de
974 1668 1109 1735 consilio
1132 1672 1167 1734 ct
1189 1667 1318 1734 auxilio
1339 1689 1413 1733 ves·

359 1783 410 1842 tro
434 1775 631 1840 desidorium
659 1777 818 1850 nostrum,
841 1773 942 1837 immo
966 1772 1114 1836 omnium
1137 1769 1414 1848 Christianorum,

359 1880 395 1943 in
417 1878 479 1944 hac
501 1882 594 1965 parte
617 1877 722 1964 possit
745 1874 908 1961 compleri.
958 1873 1083 1939 Valets.

801 2287 979 2354 DOOCVI.

394 2426 448 2493 Ex
471 2439 634 2496 musrom
656 2427 763 2494 Pmru
786 2427 973 2494 Bussmsm
998 2443 1046 2492 so
1070 2426 1102 2495 S.
1127 2441 1320 2495 mrscorcn
1344 2443 1387 2494 ur

808 2544 968 2596 merrus.

784 2667 826 2727 (Ρ.
839 2667 906 2717 nus.
919 2669 992 2728 211.)

193 2788 318 2867 Certiae·
407 2786 621 2853 Beatissimus
651 2789 788 2871 martyr,
813 2786 899 2852 sieut
922 2785 1052 2872 publice
1076 2787 1187 2864 scitur,
1211 2789 1283 2852 tcto
1306 2785 1418 2852 exsilii

192 2857 348 2974 ζ’ξῖςὲἒξξῖζ
361 2889 412 2954 sui
428 2888 600 2974 septennio
615 2888 829 2974 suffinganeis
844 2889 912 2952 suis
928 2896 961 2953 ct
976 2887 1144 2955 monachis
1160 2888 1227 2953 suis
1242 2887 1351 2955 sactus
1366 2893 1419 2954 cst

193 2989 285 3039 ⁰¹⁰f¹¹³·
361 2999 520 3077 tanquam
543 2997 692 3058 mortuus
714 3010 735 3055 a
758 2991 876 3069 cordc;
905 2991 969 3055 nisi
994 2991 1082 3075 quod
1105 2991 1240 3077 plurimi
1271 2990 1416 3072 illorum,

361 3118 381 3158 u
408 3094 527 3179 quibus
560 3093 704 3158 remedia
734 3091 871 3157 meliora
901 3092 1066 3177 sperabat,
1091 3093 1293 3158 addiderunt
1324 3094 1417 3160 dolo·

360 3217 429 3261 rem
453 3216 551 3282 super
574 3195 718 3260 dolorem
743 3194 821 3279 ejus.
884 3193 954 3259 Soli
977 3215 1056 3260 vero
1080 3195 1196 3272 cleriei,
1220 3215 1296 3261 cum
1319 3216 1359 3261 co
1382 3202 1418 3261 ct

361 3320 420 3384 pro
443 3319 481 3365 oo
504 3297 687 3384 proscripti,
711 3296 817 3362 cidem
848 3297 884 3361 in
908 3316 1013 3383 agone
1044 3317 1104 3364 suo
1127 3297 1270 3366 fideliter
1293 3304 1329 3365 ct
1350 3298 1417 3366 fili·

360 3400 457 3467 aliter
480 3399 690 3466 adstiterunt.

705 3635 1075 3652 m-

774 3827 971 3898 Doccvn.

361 3978 519 4047 Horcon
542 3992 657 4044 rrum
685 3990 781 4043 rien
804 3993 970 4044 emerem
1000 3992 1049 4043 so
1072 3992 1266 4045 uurruusos
1289 3976 1418 4048 Omns

450 4098 574 4148 runos
605 4095 671 4146 rau
702 4080 868 4146 Auernis
899 4097 1138 4160 consrrruros,
1166 4098 1213 4148 os
1244 4097 1417 4149 mersus·

450 4200 556 4250 moun
578 4198 679 4249 ssim
702 4182 848 4248 Troum.

689 4327 768 4393 (nup.
781 4343 804 4392 p.
818 4331 883 4389 88³,
903 4329 933 4382 G.
947 4328 1003 4379 Fol.
1016 4331 1086 4392 382.)

191 4478 250 4530 Jon.
264 4482 305 4541 ss,
343 4444 346 4451 ’
408 4457 576 4525 Honorius
604 4458 921 4545 episcopusservus
953 4479 1122 4525 servorum
1153 4457 1225 4535 Dei,
1250 4456 1417 4522 universis

193 4550 267 4596 ¹²²⁰·
361 4562 488 4629 Christi
511 4560 674 4639 fidelibus,
697 4561 865 4628 nobilibus
897 4569 931 4628 et
962 4562 1036 4628 aliis
1067 4583 1124 4647 per
1147 4561 1306 4648 Angliam
1336 4581 1414 4627 con·

361 4664 499 4742 stitutis,
523 4664 665 4731 salutem
689 4670 723 4730 ct
746 4665 961 4752 apostolicam
985 4663 1258 4732 benedictionem.
