3278 5662
223 1981 353 2044 Explana-

221 2048 275 2098 tion
288 2048 319 2096 of

222 2114 296 2178 dclay
307 2113 333 2161 in

221 2181 360 2246 reporting.

823 789 1000 843 arrsroan.
1244 777 1324 865 [an.
1344 782 1437 845 lita.
1509 776 1514 784 '

834 1126 994 1194 DLXIIL

637 1277 858 1344 marsuano
882 1295 978 1344 earn
1000 1278 1197 1347 Vrrrrrrus.¹

394 1428 442 1489 (Λ.
457 1433 521 1491 136;
540 1430 572 1482 0.
584 1428 610 1480 ii.
623 1434 672 1489 ³53
691 1432 718 1482 Z.
733 1430 767 1481 iii.
779 1435 828 1492 273
852 1431 918 1497 Lup.
929 1431 966 1482 iii.
977 1435 1025 1494 ar,
1048 1432 1137 1484 Thom.
1150 1436 1214 1492 3603
1238 1434 1271 1484 R.
1282 1433 1314 1484 dc
1325 1433 1439 1497 Diecto.)

435 1563 630 1629 Beatissimo
661 1564 748 1648 patri
780 1568 815 1629 et
848 1563 982 1629 domino
1013 1564 1215 1642 Alexandro,
1237 1563 1301 1629 Dei
1332 1566 1442 1647 gratia

391 1666 587 1731 universalis
624 1665 767 1732 ecclcsiae
805 1687 933 1731 summo
971 1666 1130 1752 pontifici,
1162 1665 1334 1744 Vivianus,
1368 1667 1440 1753 ejus

390 1770 578 1835 sanctitatis
622 1789 737 1833 servus
783 1767 1024 1846 devotissimus,
1062 1767 1199 1835 debitoe'
1228 1769 1441 1856 subjectionis

391 1871 592 1956 obsequium.

436 1973 532 2053 Quod
564 1978 689 2038 statum
723 1975 874 2037 nostrum
907 1971 1040 2057 pariter,
1062 1978 1098 2036 et
1128 1993 1198 2038 esse
1231 1972 1357 2059 negotii
1380 1993 1441 2059 pro

390 2097 455 2160 quo
478 2075 521 2140 ad
544 2075 705 2139 illustrem
722 2094 831 2159 regem
847 2072 979 2159 anglie
999 2073 1157 2140 destinati
1173 2095 1296 2151 sumus,
1311 2075 1440 2141 tamdiu

390 2177 590 2243 beatitudini
613 2182 732 2241 vestrae
755 2175 941 2260 significare
965 2175 1165 2263 distulimus,
1181 2196 1249 2241 non
1271 2176 1441 2242 dissolutae

390 2279 608 2364 negligentiae,
631 2299 706 2363 quae
739 2278 846 2363 culpae
879 2276 1140 2356 annumeratur,2
1161 2279 1220 2342 sed
1251 2279 1440 2344 necessitati

389 2388 423 2446 ct
446 2382 601 2467 qualitati
617 2378 745 2447 causae³
767 2378 1019 2445 adscribendum
1035 2381 1215 2446 certissime
1237 2380 1306 2446 fore
1321 2381 1441 2447 sciatis.

390 2482 471 2547 Erat
487 2483 574 2547 enim
601 2504 676 2548 cum
700 2482 847 2548 exercitu
870 2482 907 2546 in
929 2483 1064 2546 remotis
1088 2482 1259 2548 Gasooniae
1281 2483 1440 2569 partibus,

389 2598 424 2650 ct
456 2585 533 2649 illuc
567 2586 690 2670 absque
722 2585 868 2650 maximo
901 2583 1089 2649 discrimine
1123 2585 1323 2662 nullatenus,
1347 2607 1439 2651 sanc·

389 2688 514 2752 tissime
539 2694 641 2773 pater,
666 2693 853 2774 poteramus
876 2686 1038 2762 accedere,
1062 2706 1122 2751 nec
1144 2686 1212 2752 fuit
1241 2687 1282 2753 de
1305 2686 1439 2754 oonsilio

390 2789 663 2856 Christianissimi
687 2790 773 2875 regis
796 2788 1007 2864 Francorum,
1030 2788 1083 2853 cui
1107 2789 1196 2874 apud
1221 2788 1438 2857 Silviniacum

389 2893 609 2969 obviavimus,
646 2891 777 2956 litteras
822 2891 885 2955 sibi
924 2897 1060 2968 vestras,
1099 2911 1182 2976 quas
1227 2891 1438 2958 devotissime

390 2995 521 3080 recepit,
544 2997 825 3080 repraesentantes
870 2992 1000 3057 Deinde
1024 2991 1175 3070 Scnonis,
1197 2994 1285 3080 regis
1306 2995 1438 3082 Angliae

390 3098 534 3162 reditum
565 3099 802 3181 exspectantes,
825 3093 1070 3160 declinavimus.
1118 3094 1193 3175 Qui,
1216 3117 1290 3160 cum
1314 3096 1439 3183 longio-

390 3220 458 3263 rem
483 3219 581 3282 quam
612 3195 878 3264 credideramus⁴
900 3216 1026 3261 moram
1050 3196 1086 3259 in
1109 3195 1273 3262 Gasconia
1303 3196 1436 3279 lecerat,

388 3300 522 3365 tandem
546 3299 653 3375 rediit,
677 3304 711 3363 et
742 3298 786 3363 ad
818 3298 888 3384 ejus
923 3297 1131 3383 praesentiam
1162 3298 1381 3365 festinanter⁶
1403 3301 1439 3365 in

390 3401 595 3467 Norrnannia
617 3400 818 3467 accessimus.
864 3399 896 3463 A
911 3419 976 3483 quo
998 3403 1033 3464 et
1055 3399 1260 3486 principibus
1274 3401 1344 3466 suis
1358 3403 1440 3467 satis

389 3505 525 3569 honeste
555 3501 678 3588 recepti
708 3502 843 3578 fuimus,
866 3501 902 3564 in
933 3501 1076 3566 crastino
1107 3502 1236 3568 litteras
1258 3504 1289 3568 ei
1313 3511 1438 3571 vestras

388 3605 591 3671 exhibentes.
650 3604 739 3684 Quas
777 3624 850 3669 cum
886 3602 1027 3689 legisset,
1065 3603 1172 3670 multa
1209 3604 1245 3669 in
1282 3605 1441 3674 exordi0⁶

388 3707 547 3774 orationis
570 3727 638 3771 suae
670 3709 787 3770 contra
820 3704 993 3770 dominum
1025 3703 1301 3772 cantuariensem
1334 3708 1439 3788 nobis,

388 3812 474 3875 sicut
512 3808 591 3874 olim
629 3806 772 3872 dominis
816 3806 939 3872 nostris
984 3806 1217 3885 cardinalibus,
1258 3813 1438 3897 proposuit

389 3912 455 3977 Sed
485 3910 564 3995 quia
593 3913 632 3972 ut
663 3928 738 3972 cum
768 3906 804 3970 in
834 3926 978 3972 amorem
1000 3912 1035 3971 et
1057 3906 1199 3992 gratiam
1222 3928 1325 3987 suain
1348 3912 1440 3975 omni

387 4033 521 4080 rancore
560 4007 716 4094 deposito,
750 4007 786 4071 in
817 4007 1041 4072 remissionem
1070 4014 1277 4094 peccatorum
1304 4032 1438 4077 suorum

421 4243 429 4276 ¹
448 4245 479 4293 In
492 4243 518 4292 A
530 4241 580 4291 this
598 4242 671 4291 letter
692 4239 713 4289 ls
731 4239 844 4289 ascribed
861 4247 887 4289 to
969 4240 1202 4300 ²oanuateranlur,
1212 4241 1248 4292 V.

388 4320 502 4374 William
514 4322 544 4370 of
552 4319 641 4377 Pania,
653 4333 681 4368 aa
693 4318 715 4368 ir
723 4318 742 4368 it
755 4318 850 4368 related
862 4326 889 4368 to
971 4316 982 4349 ³
997 4334 1089 4377 carcaa,
1101 4333 1150 4370 om.
1163 4322 1206 4380 V;
1223 4338 1283 4382 ecee,
1296 4322 1329 4372 L.

389 4404 434 4452 the
445 4400 499 4450 first
512 4397 675 4449 commissise
691 4397 731 4447 ior
742 4396 888 4447 reconcilia·
970 4396 980 4427 ⁴
997 4395 1183 4458 crediderimus,
1196 4401 1224 4449 Z.

390 4482 452 4530 tion.
486 4480 538 4529 For
555 4477 598 4528 the
616 4490 689 4525 name
706 4476 737 4525 ol'
750 4474 846 4525 Viviau
862 4474 888 4523 in
969 4474 980 4506 ⁶
989 4474 1153 4539 festinantes,
1164 4477 1196 4526 L.

391 4560 436 4608 the
457 4558 574 4623 greeting
591 4556 648 4605 that
670 4554 727 4605 MS.
750 4555 798 4603 hm
822 4553 888 4612 Wi.;
970 4555 1187 4616 locusticum.

390 4639 442 4687 arrd
452 4636 504 4686 this
520 4650 579 4698 may
592 4634 656 4684 have
673 4634 714 4683 led
732 4638 758 4683 to
776 4633 819 4682 ihc
831 4631 890 4680 mia·

391 4718 457 4766 take.
