3278 5662
337 748 401 812 446
784 765 965 813 nmsroun.
1192 751 1273 836 [an.
1290 749 1387 820 1171.

335 956 469 1029 rentem,
493 953 574 1018 adeo
606 953 702 1039 quod,
735 951 763 1016 si
801 951 870 1017 lata
907 959 993 1017 essct
1030 954 1204 1031 sententia,
1242 953 1386 1019 relaxari

335 1055 476 1120 deberet.

749 1442 965 1510 DOOXLIII.

392 1588 537 1654 Douruo
560 1605 656 1654 curn
680 1589 888 1656 Srmusuus
911 1605 1095 1657 nrrscorus
1118 1589 1328 1656 Mununusrs.

691 1737 736 1799 (c.
750 1739 796 1788 197
808 1757 814 1797 ;
833 1736 865 1788 o.
879 1737 933 1787 ror.
945 1738 1016 1799 45³.)

378 1862 471 1929 Licet
508 1866 679 1950 praesentis
722 1867 848 1954 negotii
886 1867 1092 1954 magnitudo,
1130 1870 1228 1952 pater,
1263 1871 1384 1944 sancte,

212 1972 218 1985 ’
333 1965 509 2030 verborum
545 1968 772 2054 prolixitatem
805 1968 934 2056 exigie‚1
972 1974 1085 2034 tamen
1122 1990 1165 2034 ex
1202 1968 1383 2033 multorum

333 2065 500 2144 relatione,
523 2074 557 2133 et
587 2071 783 2157 exscriptis
813 2091 1008 2158 magnorum
1039 2071 1187 2135 virorum
1210 2068 1385 2155 quamplu-

332 2168 419 2232 rium
449 2170 492 2234 ad
526 2191 585 2235 vos
615 2171 733 2249 missis,
765 2173 944 2257 pretiosam
975 2172 1012 2235 in
1041 2176 1216 2257 conspectu
1247 2170 1383 2235 Domini

331 2271 410 2334 novi
434 2274 486 2357 (ut
508 2273 685 2356 credimus)
709 2275 867 2360 martyris
882 2273 1120 2359 archiepiscopi
1135 2277 1274 2338 mortem
1288 2271 1382 2336 tam²

331 2371 438 2457 plenis
474 2375 657 2439 innotuisse
696 2396 765 2439 non
802 2375 1009 2461 ambigimus.
1067 2376 1173 2461 Super
1209 2374 1272 2440 hcc
1308 2374 1380 2460 ipso

331 2471 453 2540 verb0³
467 2476 698 2541 abbreviatum
713 2477 808 2541 vobis
825 2477 982 2542 duximus
997 2477 1193 2544 faciendum.
1240 2476 1380 2541 Praeter-

330 2576 501 2640 mittentes
539 2576 644 2662 igitur
670 2577 710 2641 de
742 2582 848 2642 morte
879 2577 969 2641 illius
999 2579 1088 2642 tanti
1126 2578 1192 2641 viri
1229 2568 1380 2642 lacrima·

330 2676 431 2742 bilem
463 2679 695 2755 narrationem,
729 2679 873 2765 qualiter
904 2679 940 2743 in
971 2680 1115 2745 crastino
1138 2679 1379 2756 Innocentium,

330 2777 418 2843 infra
439 2783 550 2846 actum
584 2780 820 2858 innocentium,
851 2781 940 2845 inter
974 2780 1136 2866 templum
1168 2785 1203 2846 et
1233 2779 1380 2845 altares

329 2880 489 2946 ministris
528 2881 727 2947 Herodianus
765 2880 979 2957 crudelitatis
1018 2902 1060 2945 ex
1091 2885 1256 2967 praecepto
1293 2879 1378 2966 regis

329 2981 388 3058 sui,
413 3004 447 3046 se
469 2982 506 3046 in
528 2980 710 3069 sauguine⁴
733 2981 803 3067 ejus
823 2980 987 3067 grassari⁵
1013 3002 1121 3046 coram
1144 2981 1234 3046 omni
1257 2981 1378 3068 populo

328 3084 599 3168 protestantibus
633 3084 677 3148 ad
708 3082 792 3149 solas
822 3103 943 3169 procae,
976 3083 1122 3147 maxima
1144 3088 1283 3168 urgente
1319 3102 1376 3146 ne-

160 3196 315 3273 Vengeanco
328 3177 489 3265 cessitate,
519 3187 749 3252 convertimur.
797 3184 952 3250 Vestram
984 3185 1097 3270 itaque
1128 3184 1374 3271 paternitatem,

160 3267 286 3326 ‘efflet
328 3288 414 3353 sicut
436 3288 539 3362 ceca,
572 3288 672 3353 areius
702 3291 836 3352 moveas
869 3286 1013 3372 sanguis,
1048 3286 1184 3351 alarius
1216 3284 1301 3350 Aba
1331 3285 1375 3349 ab

326 3389 532 3475 iniquissimo
556 3389 650 3456 Caim
674 3389 797 3474 injuste
824 3387 956 3467 effusus,
981 3386 1061 3473 qui⁸
1084 3387 1125 3452 de
1147 3387 1375 3452 transmarinis

326 3489 513 3575 regionibus
546 3491 589 3554 ad
626 3510 685 3554 vos
717 3488 857 3553 clamare
889 3509 957 3553 non
989 3493 1101 3554 cessat.
1149 3488 1283 3553 Moveat
1317 3509 1376 3552 vos

326 3594 426 3658 etiam
455 3593 561 3657 totius
596 3591 738 3658 ecclesias
771 3592 955 3657 communis
986 3591 1085 3669 dolor,
1119 3595 1154 3657 et
1184 3593 1374 3677 conquestio

324 3695 520 3760 miserabilis
543 3699 578 3760 et
600 3694 782 3780 periculum
806 3695 989 3759 imminens.
1036 3693 1171 3759 Moveat
1202 3715 1259 3759 vos
1281 3694 1375 3780 regni

325 3797 525 3863 Francorum
563 3796 675 3862 subita
712 3796 927 3883 perturbatio,
965 3802 1000 3860 et
1030 3818 1129 3882 super
1161 3796 1231 3861 haec
1264 3797 1375 3861 omnia

324 3920 416 3964 amor
450 3897 515 3962 Dei
551 3904 586 3963 et
622 3898 712 3963 zelus
746 3896 898 3982 justitias,
936 3918 1001 3981 quo
1038 3896 1075 3960 in
1111 3901 1206 3961 tanto
1245 3894 1374 3962 sceleris

157 4017 211 4095 'rho
224 4017 301 4071 inter·
324 3996 477 4066 auctore⁷
506 4020 574 4064 non
606 4000 781 4063 minimum
820 3998 1030 4064 exardescere
1062 3997 1198 4063 debetis.
1245 3997 1375 4064 Vcstrae

156 4086 216 4135 ‘¹¹⁰²‘
322 4103 427 4190 igitur
448 4101 628 4178 sanctitati,
653 4106 779 4186 quanto
808 4120 983 4187 possumus
1015 4099 1121 4164 cordis
1143 4098 1272 4176 affectu,
1295 4121 1371 4186 sup-

322 4204 482 4290 plicamus
505 4208 545 4267 ut
567 4202 768 4267 sententiam
802 4221 823 4265 a
854 4201 988 4265 domino
1024 4199 1214 4277 Senonensi,
1237 4200 1373 4266 consilio

357 4430 366 4462 ¹
384 4431 471 4493 cxioct,
482 4429 512 4481 C.
907 4426 918 4458 ὅ
935 4427 1062 4488 φιαεεανὶ,
1073 4426 1110 4487 (23
1128 4427 1253 4490 praecari,
1265 4425 1298 4478 G.

354 4511 366 4543 ²
376 4512 433 4574 jam
442 4506 561 4572 plenius?
909 4501 919 4534 ⁶
935 4503 1037 4567 que,C;
1055 4506 1106 4567 qui,
1117 4505 1149 4556 G.

355 4590 365 4621 ³
382 4586 500 4637 vntum
907 4581 918 4619 7
935 4589 1081 4632 auctorem?

355 4667 366 4700 ⁴
383 4665 546 4730 sanquinem?
