3278 5662
403 811 467 877 292
840 821 1020 873 amaruan.
1259 809 1339 894 [au.
1357 805 1453 878 1170.

401 1021 436 1081 et
459 1016 523 1081 iter
546 1016 616 1092 hoc,
639 1015 742 1080 donec
764 1035 838 1101 spes
861 1015 1026 1100 prefectus
1048 1014 1182 1080 aliunde
1205 1014 1321 1091 luceat,
1346 1013 1452 1080 detes·

401 1117 535 1183 tabitur.
581 1117 708 1183 Vestris
732 1117 845 1202 itaque
867 1116 1008 1203 mdibus
1037 1116 1205 1202 provoluti
1228 1116 1451 1203 supplicamus

401 1219 564 1286 attentius
587 1224 751 1305 quatenus
773 1217 980 1285 sanctissimo
1003 1218 1092 1304 patri
1127 1224 1162 1283 et
1194 1219 1318 1304 pastui
1351 1219 1451 1285 eccle-

400 1323 467 1399 siae,
498 1321 641 1387 Domino
675 1342 777 1408 pape,
809 1341 868 1408 per
900 1341 960 1386 vos
991 1321 1103 1386 omnia
1133 1320 1204 1387 haec
1235 1321 1451 1399 innotescant,

400 1430 436 1490 et
458 1423 682 1510 persuadeatis
717 1423 748 1488 ei
779 1444 821 1488 ne
853 1444 888 1487 sc
923 1422 1078 1508 deinceps
1112 1422 1344 1489 circumveniri
1378 1427 1448 1488 tam

400 1528 495 1595 facile
518 1528 686 1616 patiatur3
709 1532 752 1605 et,
775 1526 804 1590 si
827 1546 903 1591 eum
935 1525 1050 1591 oculus
1073 1524 1127 1590 vel
1159 1545 1216 1612 pes
1247 1531 1308 1591 aut
1331 1546 1449 1591 manus

400 1631 539 1697 ulterius
569 1634 708 1716 appetat
741 1627 904 1705 scandalo,
934 1629 1133 1714 quicumque
1164 1627 1220 1693 ille
1242 1628 1340 1705 sita
1372 1648 1449 1694 con·

400 1733 466 1799 silii
489 1734 541 1797 sui
563 1753 696 1818 corpore
719 1732 828 1818 ipsum
858 1748 1001 1797 resectus
1036 1750 1104 1795 non
1126 1730 1313 1816 pigritetur.
1361 1729 1449 1810 Quia

400 1837 517 1902 melius
539 1840 597 1912 est,
614 1838 653 1899 ut
675 1837 849 1919 amputato
864 1837 998 1899 auctore
1020 1832 1165 1899 scandali
1189 1832 1259 1896 sine
1282 1852 1320 1897 eo
1343 1832 1447 1896 vitam

399 1940 622 2024 promereatur
644 1941 810 2012 aeternam,
826 1954 926 2020 quam
950 1935 1052 2000 abeo
1074 1955 1108 2000 se
1131 1935 1279 2020 patiatur
1300 1935 1448 2020 pertrahi

402 2040 504 2126 (quod
525 2039 687 2122 absit)'in
709 2037 902 2124 gehennam.

843 2441 1024 2509 DOLXVI.

506 2593 726 2657 Aunxnuuao
750 2591 854 2656 Pura
877 2592 1024 2656 Tronis
1047 2591 1331 2657 Onurrinarnusrs

765 2695 1077 2761 Aaonrnmscorus.

521 2845 569 2908 (ll.
580 2849 645 2906 2653
663 2845 695 2895 0.
707 2845 731 2896 ii.
744 2848 808 2904 2543
829 2846 857 2895 Z.
869 2860 894 2895 v.
905 2848 955 2906 ⁹⁴5
973 2844 1037 2909 an.
1050 2859 1074 2894 r.
1087 2846 1136 2906 243
1154 2845 1243 2896 Thom.
1256 2844 1310 2904 24.)

226 2976 355 3066 Blaming'
437 2975 593 3040 Testatur
615 2975 668 3038 vir
698 2974 987 3060 eloquentissimus
1018 2973 1157 3041 oratoris
1181 2975 1217 3039 in
1240 2993 1277 3040 eo
1300 2974 1444 3039 maxime

224 3043 369 3159 {issaffissff
393 3077 577 3162 promoveri
623 3098 798 3154 successus,
836 3077 865 3140 si
909 3077 1110 3162 praenoverit
1142 3076 1266 3162 judicis
1314 3076 1444 3141 audito·

224 3176 370 3293 fflllgsspot
393 3199 531 3264 rumque
569 3200 731 3265 personas,
766 3184 801 3244 et
839 3200 898 3265 pro
936 3177 1097 3265 qualitate
1136 3198 1248 3243 eorum
1285 3177 1443 3243 sermonis

224 3273 229 3290 ¹
371 3280 580 3347 'moderetur
614 3281 766 3348 officium.
812 3281 910 3347 Hanc
941 3280 1140 3346 sententiam
1172 3280 1215 3344 ad
1247 3280 1355 3345 multa
1377 3280 1443 3346 alia

390 3384 606 3469 probabiliter
632 3383 775 3448 arbitror
807 3382 1020 3459 dilatandam,
1044 3381 1225 3468 praesertim
1249 3402 1322 3446 cum
1346 3402 1442 3446 nemo

391 3485 509 3551 debeat
531 3486 665 3570 ignarus
688 3506 756 3550 esse
771 3485 967 3550 conditionis
990 3484 1060 3570 ejus
1075 3502 1149 3548 cum
1172 3502 1237 3568 quo
1259 3481 1444 3561 contrahit;

391 3592 426 3650 et
457 3587 519 3651 sibi
553 3586 704 3666 inarime,
735 3586 763 3649 si
797 3606 888 3652 secus
922 3608 1013 3674 spem
1045 3590 1104 3652 aut
1137 3584 1324 3671 opinionem
1358 3586 1441 3650 acci·v

390 3687 484 3766 derit,
508 3677 674 3774 imputare
695 3686 821 3766 debeat,
838 3689 894 3773 qui
918 3709 1090 3755 commune
1112 3688 1280 3774 negotium
1304 3687 1345 3752 de
1368 3708 1441 3774 pro-

389 3789 461 3876 prio
506 3789 624 3855 maluit
661 3788 797 3854 arbitrio
843 3791 1047 3855 committere
1091 3789 1235 3855 fortunae
1280 3789 1441 3866 manibus,

389 3912 488 3976 qnam
511 3892 597 3956 vires
620 3891 691 3976 ejus
722 3897 756 3956 et
779 3895 934 3956 eventum
966 3888 1166 3977 praemetiri‚¹
1190 3891 1345 3977 inspectis
1369 3895 1441 3956 tum

387 3994 462 4058 aliis
485 3994 741 4059 circumstantiis
776 3999 858 4071 tum,
881 3993 1053 4079 praecipue,
1081 3993 1243 4079 qualitate
1274 3993 1439 4060 consortis.

388 4096 493 4176 Quod,
516 4102 619 4182 pater,
644 4096 671 4159 si
702 4098 813 4160 vestra
843 4094 997 4160 discretio
1031 4096 1066 4159 in
1097 4115 1196 4161 causa
1229 4095 1372 4161 ecclesiae
1406 4100 1441 4160 ct

386 4199 472 4284 regis
507 4196 690 4283 Anglorum
722 4195 765 4261 ab
796 4196 894 4260 initio
926 4196 1130 4273 attendisset,
1162 4216 1370 4282 nequaquam
1404 4197 1440 4260 in
1566 4279 1568 4283 ι

385 4304 498 4365 tantm
537 4297 740 4363 calamitates
778 4296 949 4362 incidisset
979 4296 1164 4384 Anglicana
1195 4299 1348 4378 ecclesia;
1381 4320 1441 4364 nec

385 4400 560 4466 Gallicana
593 4398 696 4483 (quod
719 4399 789 4464 sine
813 4398 922 4464 dolore
955 4420 1021 4464 non
1056 4399 1235 4486 loquimur)
1268 4405 1337 4466 tem
1368 4421 1440 4487 per-

388 4503 512 4569 nicioso
535 4505 755 4566 attentaretur
784 4507 845 4566 aut
875 4501 1115 4587 opprimeretur
1144 4504 1304 4590 exemplu
1352 4502 1436 4569 Prae·

703 4731 710 4764 ¹
727 4731 868 4797 prenretiri,
880 4730 916 4795 Z;
930 4734 1070 4799 prometiri,
1082 4733 1113 4784 L.
