3278 5662
355 781 422 847 sss
797 804 978 853 merois.
1220 791 1415 876 [milio.

354 995 371 1019 ‘⁸
394 992 430 1050 et
451 992 651 1061 mum,
672 985 732 1070 qui
764 985 801 1049 in
834 983 1072 1050 Cantuariensi
1095 985 1234 1052 ecclesis
1267 989 1413 1074 requies·

353 1087 703 1173 “cuntetgiuriter
732 1087 1414 1172 injuristisnntsrobis¹ettbillo¹

351 1189 686 1275 “peritersroeotis
732 1188 1411 1276 delieripooeemnmdimmnisi

352 1289 1287 1376 “percondignsmsetisicctionemquinaeculis
1316 1294 1412 1359 imu-

353 1397 372 1425 “
394 1391 503 1457 ditum
524 1391 688 1477 estquod
710 1391 833 1476 uliquis
855 1389 1131 1457 Contuaiiensem
1157 1392 1331 1459 eeclesim
1352 1394 1411 1459 lie·

350 1499 369 1526 ‘⁴
391 1492 481 1571 serit,
503 1500 540 1558 ct
560 1513 629 1557 non
650 1493 696 1556 sit
728 1502 896 1558 correctns
925 1506 987 1557 sut
1018 1493 1184 1558 contritus
1217 1515 1238 1558 s
1273 1491 1409 1560 Christo

395 1645 584 1760 Subintulit
615 1717 693 1781 ergo
724 1717 784 1760 rex
817 1695 917 1760 vultu
950 1695 1049 1759 hilsri
1073 1708 1109 1760 et
1131 1715 1213 1762 voce
1242 1695 1411 1780 jucunde·

348 1794 428 1860 “Si
459 1795 566 1861 filium
601 1818 711 1862 meum
741 1797 893 1884 diligitis,
915 1797 1087 1883 duplici
1071 1818 1150 1882 Jure
1183 1796 1297 1863 fucitis
1318 1797 1409 1882 quod

349 1904 366 1935 ⁶
388 1895 523 1964 debetis
569 1896 659 1964 Num
692 1905 728 1963 et
758 1919 820 1984 ego
851 1898 947 1963 vobis
979 1897 1076 1962 illum
1108 1897 1232 1963 dedi
1222 1919 1259 1962 in
1288 1897 1407 1974 filium,

348 2000 367 2033 ‘⁴
389 2019 540 2086 cunique,
562 2007 604 2065 ut
635 2000 824 2065 meminisse
856 2000 1008 2086 potestis,
1038 1999 1210 2085 recepistis
1231 2000 1287 2078 de„
1305 2019 1406 2064 munii

346 2108 366 2135 ‘⁴
387 2122 469 2168 moe
514 2101 561 2169 itt
592 2103 663 2188 ipre
697 2123 756 2168 vos
786 2108 885 2168 unte
914 2101 1089 2168 effectione
1128 2101 1251 2189 diligit,
1275 2109 1313 2166 ut
1344 2100 1406 2167 nli·

347 2208 366 2237 “
388 2223 488 2288 quem
518 2203 727 2270 inimicorum
759 2210 946 2270 vestroruin
979 2210 1070 2270 recto
1103 2203 1229 2268 lumine
1263 2211 1407 2289 nequest

347 2303 519 2370 “intueri
565 2303 630 2370 Eos
652 2304 741 2370 enim
765 2305 837 2391 ism
860 2301 1094 2380 contrivisset⁸
1123 2304 1190 2368 nisi
1220 2303 1406 2370 obstitisset

347 2406 574 2473 “reverentis
609 2413 646 2473 et
676 2406 777 2474 timor
813 2408 959 2474 nominis
991 2408 1065 2472 mei.
1112 2407 1180 2472 Sed
1216 2407 1283 2474 scio
1315 2407 1405 2493 quod

346 2515 364 2543 ‘⁴
387 2528 447 2574 voc
467 2509 603 2596 garino
625 2508 667 2574 de
696 2509 753 2585 eis,
775 2509 878 2574 etism
900 2529 1002 2595 quain
1024 2517 1186 2595 oporteet,
1218 2508 1403 2584 ulciscetur,

347 2617 365 2644 “
386 2629 488 2696 quom
524 2610 592 2678 cito
629 2616 763 2696 tempus
799 2618 836 2676 et
871 2610 1075 2676 occasionem
1113 2610 1284 2696 acceperit
1330 2609 1402 2676 Nec

347 2711 505 2778 “dubito
538 2711 621 2799 quin
653 2710 791 2785 ecclesie
823 2710 1075 2777 cantuariensis
1112 2711 1323 2778 nobilissimis
1358 2711 1404 2776 sit

345 2821 366 2852 ‘⁶
389 2813 477 2879 inter
498 2833 612 2879 omnes
642 2813 794 2883 ecclesius
817 2814 1005 2888 occidentis,
1038 2834 1100 2879 nec
1134 2833 1208 2879 eum
1235 2814 1314 2900 jure
1344 2834 1403 2880 suo

344 2924 362 2950 “
384 2914 532 3002 privari*
552 2914 649 2994 volo;
669 2914 753 3005 quin
784 2914 899 3001 potius
928 2914 1032 3000 juxte
1054 2914 1229 2980 consilium
1253 2921 1403 2980 vestium

342 3024 360 3053 ‘⁸
382 3016 469 3084 dubo
506 3036 638 3103 operum
671 3023 712 3083 ut
744 3021 779 3081 et
816 3015 852 3079 in
885 3014 948 3082 hoe
981 3015 1123 3082 articulo
1160 3014 1336 3092 relevetur,
1367 3021 1401 3080 et

340 3126 360 3158 “
383 3117 559 3204 pristinum
592 3118 630 3181 in
667 3116 822 3183 omnibus
859 3126 1030 3203 recuperet
1068 3116 1280 3203 dignitatem.
1327 3115 1399 3181 Illis

339 3229 359 3260 “
383 3227 494 3288 eutem
529 3219 589 3305 qui
624 3240 676 3284 me
710 3224 745 3284 et
779 3239 839 3284 vos
872 3218 1034 3286 hactenus
1064 3218 1294 3304 prodiderunt,
1329 3217 1401 3284 Deo

341 3329 359 3360 “
383 3320 539 3409 propitio,
563 3322 610 3386 sic
646 3317 850 3405 respondebo
882 3325 922 3384 ut
955 3319 1096 3406 exigimt
1130 3320 1251 3385 merito
1288 3319 1399 3404 prodi·

340 3431 358 3460 “
383 3422 519 3489 tonim.'’
566 3420 652 3487 Cum
677 3441 755 3507 ergo
788 3441 873 3506 equo
897 3421 1054 3486 desiliens
1076 3443 1129 3487 me
1163 3419 1398 3486 humiliorem⁵

341 3524 382 3591 ud
408 3523 507 3610 pedes
529 3521 610 3607 ejus,
634 3520 722 3598 i110,⁶
743 3528 878 3607 arrepto
900 3524 1045 3600 scansili,
1068 3544 1120 3588 me
1143 3522 1251 3610 coegit
1286 3541 1398 3588 escen-

340 3626 428 3705 dere,
450 3630 485 3691 et
516 3623 608 3689 visus
640 3622 865 3709 illachrymori
897 3625 956 3701 sit,
979 3625 1101 3705 “Quid
1125 3623 1278 3690 milwe
1326 3623 1395 3688 Do·

340 3735 357 3764 “
381 3723 495 3793 mine8
546 3723 799 3811 archiepiscope,
846 3726 1062 3791 restituemus
1112 3726 1207 3791 nobis
1254 3725 1396 3790 invicem

340 3835 510 3897 “veteres
544 3826 744 3905 affectiones,
781 3834 816 3893 et
854 3829 939 3895 alter
976 3829 1074 3895 elteri
1112 3829 1200 3914 quod
1249 3828 1397 3915 potuerit

339 3941 357 3969 “
380 3933 505 3999 bonum
529 3929 695 4008 exliibeet,
718 3935 753 3996 et
784 3931 1001 4016 pmeoedentis
1031 3931 1099 3996 odii
1130 3951 1262 4017 prorsus
1294 3931 1397 3996 simus

339 4045 356 4072 “
382 4035 597 4101 immemores.
636 4031 705 4099 Sed
727 4031 820 4109 mihi,
844 4054 963 4119 quoeso,
987 4054 1096 4100 corum
1119 4033 1172 4098 his
1195 4035 1253 4119 qui
1285 4032 1397 4118 procul

340 4145 359 4173 “
385 4135 583 4223 adspiciunt,
622 4134 779 4201 honorem
818 4133 1030 4199 exhibeatis.”
1077 4134 1122 4198 Et
1159 4133 1323 4198 transiens
1354 4132 1397 4197 sd

339 4302 391 4313 ⁵00.-

370 4388 377 4422 ¹
395 4387 474 4452 nolis,
486 4389 517 4450 Ii,
528 4388 561 4439 G.
922 4388 932 4420 ⁸
950 4387 1120 4445 humilitates,
1135 4389 1166 4440 V.

370 4468 381 4501 ²
399 4466 451 4528 5110,
463 4466 498 4528 A,
511 4467 545 4530 0,
556 4467 577 4517 Z
588 4487 595 4527 ς
613 4464 672 4525 illic,
683 4465 713 4524 Ii,
726 4465 759 4517 G.
922 4465 933 4498 ⁶
950 4463 1000 4526 illc,
1011 4482 1063 4516 oin.
1075 4464 1107 4516 i.

370 4550 381 4583 ⁸
398 4548 565 4608 contrivisset,
581 4548 617 4608 A,
633 4545 665 4609 Ο,
678 4547 713 4606 V,
725 4545 763 4606 23
781 4561 839 4595 coii-
923 4543 933 4580 ⁷
950 4543 1038 4606 multu,
1050 4546 1079 4604 Z,
1092 4545 1128 4606 113
1143 4543 1232 4608 pluro,
1243 4544 1275 4592 A.

337 4627 459 4687 licuisset,
471 4623 505 4688 L,
516 4625 548 4678 G.
923 4621 934 4653 ⁸
950 4623 990 4685 mi,
1001 4621 1048 4673 ini.
1061 4621 1094 4674 G.

368 4707 379 4737 ⁴
395 4703 509 4772 privari,
521 4705 556 4767 A,
568 4702 600 4764 0,
612 4704 648 4765 Z,
661 4703 776 4768 privare,
788 4703 819 4752 L.
