3278 5662
355 786 418 850 288
795 797 974 846 uriarouu.
1214 783 1294 870 [an.
1312 782 1409 852 1170.

355 981 443 1044 enim
478 981 557 1044 estis
587 980 622 1043 in
658 979 774 1044 mundi
808 980 939 1046 cardine
975 981 1172 1059 constituti;
1201 987 1240 1046 ut
1262 981 1409 1047 liberetis

354 1103 532 1168 pauperem
555 1102 576 1146 a
598 1086 753 1167 potente;
770 1086 810 1145 ut
827 1082 996 1166 justitiam
1013 1081 1198 1147 decernatis
1222 1088 1256 1147 et
1279 1083 1409 1148 faciatis

355 1184 442 1248 inter
466 1183 549 1247 filios
572 1181 752 1247 hominum.
799 1182 870 1247 Nos
893 1203 972 1247 sane
996 1183 1084 1247 viros
1115 1183 1271 1249 honestos
1295 1190 1330 1249 et
1353 1185 1408 1249 lit-

355 1289 478 1348 teratos
501 1283 713 1349 credebamus
736 1304 818 1368 quos
847 1284 904 1348 via
926 1284 1076 1348 Romana
1098 1285 1279 1350 absorbuit.
1327 1284 1408 1365 Quae

354 1391 465 1450 tamen
488 1384 604 1450 nobis¹
630 1385 760 1450 utilitas
787 1385 1006 1471 insanguine
1031 1390 1172 1450 eorum?
1233 1387 1408 1473 Numquid

353 1487 525 1551 mittemus
540 1485 665 1571 plures;
688 1492 728 1550 ut
744 1485 801 1551 et²
816 1487 880 1571 ipsi
897 1487 1083 1551 moriantur
1096 1511 1104 1566 ;
1118 1493 1158 1553 ut
1181 1488 1407 1555 innocentium

354 1589 522 1653 minuatur
556 1610 713 1652 numerus
748 1587 802 1652 vel
825 1587 1039 1666 annulletur;
1071 1595 1106 1653 et
1140 1594 1317 1674 tyrannus,
1340 1590 1407 1655 illis

353 1691 533 1765 exstinctis
572 1690 710 1753 licenter
748 1688 940 1754 dominetur
972 1689 1118 1755 ecclesiae
1150 1691 1243 1756 nullo
1278 1696 1407 1756 contra·

353 1796 506 1860 dicente?
568 1793 604 1858 Si
637 1793 873 1880 appellationes
906 1796 1144 1880 prosequendae
1187 1802 1275 1874 sunt,
1307 1819 1406 1881 quare

353 1919 427 1962 cum
453 1897 673 1961 nascebantur
696 1901 756 1961 aut
778 1897 926 1960 nondum
950 1898 1202 1982 exspiraverant
1234 1920 1303 1965 non
1325 1905 1405 1963 sunt

353 1999 575 2064 examinatus?
622 1997 735 2061 Satius
759 1997 848 2062 enim
872 1997 982 2062 fuerat
1004 1998 1101 2063 nobis
1124 2019 1180 2063 eas
1203 2006 1285 2065 tunc
1307 2021 1407 2086 expe-

353 2101 426 2175 diri,
459 2105 518 2163 aut
556 2098 674 2163 saltem
713 2099 905 2165 denuntiari
939 2099 1043 2176 nobis,
1080 2105 1120 2164 ut
1152 2100 1246 2165 aliud
1279 2102 1407 2187 aliquid

352 2201 477 2286 negotii
500 2221 679 2285 ageremus,
695 2222 759 2284 quo
783 2201 889 2265 vitam
912 2206 1060 2267 nostram
1084 2223 1254 2287 possemus
1278 2208 1406 2268 utcum-

352 2323 414 2387 que
438 2300 627 2385 transigere,
655 2305 689 2364 et
715 2322 848 2366 causam
879 2323 973 2366 suam
1006 2300 1099 2368 Deo³
1129 2304 1407 2370 committeremus

351 2403 616 2490 expediendam?
679 2400 819 2489 Spoliati
853 2409 887 2468 et
918 2405 1002 2469 nudi
1034 2428 1155 2471 sumus.
1217 2405 1306 2472 Satis
1329 2407 1406 2472 hac·

352 2514 448 2572 tenua
471 2503 697 2569 delusionibus
727 2504 915 2590 hujusmodi
948 2507 1107 2594 fatigati⁴
1132 2509 1314 2574 consultius
1336 2531 1405 2574 esse

352 2608 514 2674 credimus
547 2612 585 2670 ut
617 2606 722 2670 vitam
759 2607 795 2670 in
825 2607 1031 2673 orationibus
1068 2630 1170 2694 quam
1192 2609 1229 2673 in
1259 2609 1406 2675 litibus⁵

351 2710 524 2787 finiamus;
559 2707 747 2772 domesticis
786 2708 945 2793 exemplis
984 2709 1101 2787 edocti,
1129 2731 1171 2776 na
1207 2711 1247 2776 de
1287 2718 1403 2778 caetero

352 2834 418 2877 non
451 2811 548 2875 modo
575 2831 674 2895 opera
712 2815 746 2873 et
784 2810 933 2896 impensa
966 2811 1062 2876 nobis
1101 2813 1315 2898 periclitetur,
1349 2815 1405 2879 sed

352 2920 386 2979 ct
423 2915 534 2979 anima
573 2910 737 2990 Christus,
775 2912 829 2977 cui
868 2933 940 2977 eam
979 2914 1226 2991 committimus,
1264 2915 1405 2981 ecclesiae

352 3039 420 3081 snae
452 3009 634 3099 deinceps⁰
664 3013 710 3076 sit
740 3018 902 3098 patronus
932 3018 967 3077 et
990 3034 1105 3080 causae.
1173 3014 1240 3081 Sed
1268 3016 1406 3081 fortasse

351 3119 438 3183 dicet
468 3116 610 3199 aliquis:
635 3113 792 3197 quoniam
818 3134 878 3199 pro
909 3114 995 3179 bono
1026 3116 1115 3200 pacis
1150 3120 1184 3181 et
1214 3138 1288 3202 quae
1323 3139 1405 3204 prae-

350 3219 499 3281 misimus
522 3221 616 3301 gesta
644 3220 732 3291 sunt,
764 3220 798 3278 et
828 3215 951 3279 totiens
974 3215 1105 3281 indulta
1129 3216 1254 3296 dilatio,
1281 3225 1316 3284 et
1339 3219 1403 3283 dis-

349 3319 509 3405 pensandi
531 3316 616 3380 ratio
640 3315 783 3380 admissa
805 3322 863 3380 est.
909 3316 1034 3400 Utique
1052 3318 1081 3380 si
1104 3338 1170 3401 pax
1193 3324 1403 3403 exspectatur

350 3420 473 3496 aDeo,
506 3417 647 3503 peccatis
680 3423 714 3480 et
746 3416 799 3480 his
830 3438 904 3500 quae
934 3422 1048 3482 contra
1080 3416 1185 3502 legem
1216 3418 1304 3482 fiunt
1329 3440 1404 3503 pro-

351 3521 495 3589 curanda
530 3541 596 3583 non
627 3523 697 3595 est;
731 3519 758 3581 si
789 3539 810 3582 a
844 3518 915 3584 Deo
946 3517 1060 3584 futura
1086 3540 1153 3583 non
1183 3525 1243 3597 est,
1267 3542 1327 3586 nec
1354 3528 1405 3586 est

350 3622 491 3690 ecclesiae
515 3620 700 3686 necessaria
716 3640 777 3685 nec
800 3619 900 3684 alicui
925 3620 1026 3684 utilis.
1085 3620 1253 3686 Bonorum
1276 3629 1403 3688 nostro-

349 3746 423 3789 rum
446 3744 513 3788 non
536 3722 665 3809 indiget
687 3721 787 3800 Deus,
804 3721 861 3785 sed
877 3726 964 3786 certe
987 3729 1195 3808 peccatorum
1217 3728 1404 3789 nostrorum

349 3828 458 3890 minus
509 3824 551 3888 ad
590 3823 830 3908 expediendam
865 3823 1036 3907 justitiam
1076 3830 1110 3889 et
1147 3825 1403 3891 misericordiam

349 3951 464 4006 suam3
487 3932 521 3992 et
545 3926 681 3991 fortasse
706 3925 834 3991 tamdiu
862 3925 966 3991 dilata
989 3931 1039 3990 est
1061 3947 1136 4012 pax,
1160 3929 1239 4013 quia
1260 3950 1327 3994 non
1350 3931 1406 3994 via

351 4030 496 4106 Domini,
512 4029 570 4093 sed
594 4028 742 4092 humana
764 4027 1004 4112 procurabatur
1018 4029 1150 4094 astutia.
1197 4029 1405 4096 Excessimus

350 4133 493 4208 modurn,
517 4130 575 4195 sed
603 4135 700 4215 urget
736 4149 795 4192 nos
821 4128 997 4194 necessitas
1020 4151 1095 4214 quae
1125 4151 1184 4196 nec
1215 4132 1312 4197 modo
1344 4153 1404 4197 nec

348 4235 471 4321 regulae
493 4232 690 4298 necessitate
713 4235 868 4295 arctatur.
928 4230 974 4293 Et
998 4228 1145 4316 Spiritus
1168 4230 1321 4310 Sanctus,
1345 4235 1403 4317 qui

349 4338 385 4399 in
419 4336 513 4400 vobis
544 4339 603 4412 est,
635 4330 853 4417 persuadebit,
884 4334 923 4394 ut
954 4331 1136 4397 necessario
1168 4333 1404 4399 excedentibus

384 4541 391 4571 ¹
409 4538 488 4597 nobis,
501 4538 535 4595 A,
547 4536 577 4586 L.
934 4535 944 4566 ⁴
954 4535 1073 4599 fctipati,
1085 4534 1120 4592 A,
1133 4535 1171 4593 23
1182 4535 1315 4601 solipctir,
1328 4537 1357 4587 L.

383 4620 393 4652 ‘²
410 4626 444 4680 et,
456 4618 489 4674 A,
502 4616 541 4675 0;
558 4631 607 4666 om.
621 4616 651 4665 L.
932 4614 943 4646 ⁸
960 4612 1078 4663 militibus
1092 4613 1305 4678 (ferentinum),
1318 4619 1353 4668 V.

382 4699 393 4731 ³
416 4699 529 4755 Domino,
543 4696 577 4755 A,
589 4694 628 4754 0,
649 4693 715 4753 Deo,
728 4694 757 4752 Z,
769 4693 798 4743 L.
932 4691 943 4723 ⁶
959 4691 1082 4758 deinceps,
1094 4708 1144 4744 om.
1156 4693 1186 4743 L.
