3278 5662
195 2578 332 2641 Ramnes

192 2645 276 2695 mm

192 2710 324 2775 bnhopof

193 2776 265 2828 SM

363 738 429 804 336
779 781 782 785 -
804 752 984 801 sersronsr.
1226 738 1305 822 [an.
1324 740 1421 807 1170.

359 964 480 1020 omues,
515 945 676 1027 quantum
714 941 749 1003 in
787 940 883 1005 nobis
920 945 979 1017 est,
1019 961 1132 1028 pacem
1168 946 1203 1006 et
1238 942 1413 1008 caritatem

358 1045 524 1120 habentes,
557 1042 682 1107 domini
715 1042 800 1126 regis
833 1041 949 1106 audito
984 1042 1127 1118 consili0,
1166 1043 1210 1109 ad
1253 1043 1412 1109 honorem

358 1144 499 1210 ecclesiae
522 1143 585 1208 Dei
618 1141 674 1207 et1
705 1163 803 1206 suum
825 1145 860 1206 et
881 1147 1040 1220 nostrum,
1064 1164 1192 1209 necnon
1215 1149 1249 1209 et
1271 1144 1413 1210 salutem

355 1246 486 1313 illorum
519 1243 639 1331 quibus
671 1242 892 1309 reconciliatio
925 1245 1099 1328 quaeritur,
1124 1245 1309 1332 negotium,
1344 1246 1415 1310 Deo

356 1349 508 1435 propitio,
543 1343 641 1430 [ita]2
673 1345 924 1422 moderabimur,
957 1352 996 1410 ut
1032 1347 1136 1431 siquis
1171 1369 1286 1412 eorum
1312 1349 1414 1432 (quod

357 1451 457 1535 absit)
491 1469 570 1535 pace
608 1447 759 1523 caruerit,
793 1447 1072 1513 reconciliationis
1110 1470 1227 1535 expers
1259 1450 1321 1516 hoc
1347 1436 1416 1514 siti

356 1574 425 1618 non
448 1550 543 1616 nobis
566 1548 685 1614 debeat
708 1548 879 1634 imputare.
928 1548 1014 1614 Cum
1037 1555 1150 1615 autem
1172 1551 1215 1615 ad
1238 1551 1310 1617 haec
1332 1573 1415 1637 prae-

358 1655 447 1720 fatus
471 1651 655 1717 Gaufredus
678 1649 936 1730 archidiaconus,
969 1651 1078 1717 adhuc
1103 1653 1416 1729 excommunicatus,

361 1757 446 1821 sicut
494 1754 643 1819 incentor
682 1752 850 1817 discordiae
901 1752 949 1817 ita
987 1759 1021 1816 et
1060 1760 1267 1839 contemptor
1310 1754 1413 1840 justae

361 1855 543 1932 sententiae,
580 1850 770 1918 tumidius³
807 1853 1031 1937 responderet,
1072 1853 1227 1919 dominus
1268 1876 1337 1933 rex,
1375 1877 1417 1921 ne

362 1955 565 2023 suborientia
601 1953 680 2019 hinc
712 1952 788 2017 inde
827 1953 929 2018 verba
969 1974 1085 2020 causas
1123 1955 1192 2020 odii
1227 1961 1262 2021 et
1300 1956 1417 2041 sopitae

362 2057 546 2124 inimicitiae
569 2055 718 2120 fomitem
749 2055 987 2132 instaurarent,
1012 2054 1095 2120 nos4
1118 2056 1159 2121 de
1184 2056 1284 2123 turba
1306 2062 1417 2123 extra·

362 2161 453 2235 lrens,
475 2156 606 2243 rogavit
637 2177 679 2221 ne
709 2176 897 2220 curaremus
920 2177 995 2241 quae
1021 2156 1211 2223 dicerentur
1233 2177 1254 2223 a
1285 2157 1419 2235 talibus,

362 2267 397 2326 et
420 2264 458 2325 ut
480 2263 596 2345 pacato
619 2257 730 2321 animo
747 2264 780 2320 et
803 2256 983 2341 tranquillo
1000 2256 1056 2321 ei⁵
1078 2256 1247 2324 licentiam
1264 2265 1298 2324 et
1320 2259 1420 2325 bene·

361 2362 538 2428 dictionem
561 2359 686 2434 dantes,
710 2380 784 2423 oum
810 2358 918 2445 gratia
942 2357 1005 2423 Dei
1030 2363 1064 2423 et
1086 2380 1147 2424 sua
1170 2360 1350 2426 rediremus
1373 2363 1415 2427 sd

361 2462 543 2550 hospitium
565 2465 727 2526 nostrum.

406 2567 525 2631 Postea
546 2583 625 2627 vero
647 2560 832 2647 accepimus
865 2559 953 2645 quod
975 2562 1181 2628 venerabiles
1202 2562 1276 2641 viri,
1309 2563 1415 2629 dorni·

360 2690 424 2735 nus
438 2664 713 2750 Rothomagensis
737 2669 770 2728 et
794 2663 966 2749 episcopus
982 2661 1015 2726 N
1018 2663 1209 2743 ivemensis,
1233 2686 1313 2751 quos
1329 2667 1417 2732 inter

362 2794 422 2838 nos
445 2775 479 2836 et
501 2767 672 2834 dominum
706 2787 816 2852 regem
837 2765 1008 2848 jusseratis
1042 2776 1112 2832 esse
1146 2768 1351 2848 mediatores,
1384 2777 1418 2835 et

361 2874 418 2960 qui
465 2872 505 2938 de
552 2891 630 2956 pace
667 2873 782 2933 nostra
828 2867 960 2932 solliciti
1008 2868 1218 2947 exstiterunt,
1264 2871 1415 2957 episcopo

361 2971 521 3060 Sagiensi,
544 2968 731 3035 transeunti
754 2968 790 3032 in
814 2966 979 3054 Anglianr,
1005 2967 1169 3035 dederunt
1190 2970 1227 3035 in
1250 2971 1417 3038 mandatis

360 3082 400 3141 ut
431 3071 730 3140 excommunicatos
762 3073 892 3134 nostros
924 3067 1128 3149 absolveret;
1161 3071 1218 3135 sed
1254 3071 1416 3137 incertum

361 3184 411 3244 est
433 3198 476 3242 an
503 3174 534 3240 ei
557 3172 695 3238 formam
727 3190 827 3255 quam
850 3168 916 3233 illis
949 3168 1116 3236 dederatis
1149 3171 1418 3259 praescripserint,

358 3286 426 3359 aut,
449 3279 478 3343 si
501 3275 692 3362 praescripta
715 3279 773 3350 est,
798 3291 842 3337 an
865 3293 937 3337 eam
961 3272 1006 3337 sit
1028 3272 1115 3338 idem
1139 3275 1310 3362 episcopus
1325 3297 1415 3343 secu-

358 3389 461 3447 turus.
508 3377 745 3440 Verumtamen
766 3395 827 3440 nec
849 3373 916 3437 illis
939 3375 1097 3441 mandare
1120 3374 1222 3452 licuit,
1246 3376 1310 3441 nisi
1335 3398 1416 3462 qua·

359 3489 456 3548 tenus
479 3481 677 3564 potestatem
700 3495 721 3538 a
745 3474 839 3539 vobis
873 3481 1080 3560 acceperunt,
1107 3496 1167 3542 nec
1198 3475 1254 3541 ille
1274 3474 1414 3561 ‘aliquid

360 3582 438 3669 egit,
460 3578 489 3644 si
511 3578 593 3642 fines
624 3597 705 3661 quos
737 3575 1009 3662 praescripseratis
1044 3576 1190 3642 excessit.
1236 3576 1335 3642 Unde
1373 3578 1415 3661 (si

360 3683 482 3771 placet)
515 3698 644 3744 necesse
676 3682 735 3754 est,
768 3682 807 3741 ut
841 3676 869 3741 si
902 3676 998 3742 aliter
1032 3678 1177 3743 absoluti
1209 3685 1296 3756 sunt,
1331 3700 1414 3766 prae·

358 3783 488 3872 cipiatis
512 3803 565 3847 eos
580 3779 753 3857 sententia,
777 3799 842 3864 qua
864 3778 1073 3858 tenebantur,
1096 3780 1225 3857 arctari,
1247 3781 1349 3848 donec
1363 3803 1413 3847 se-

357 3887 502 3954 cundum
525 3882 668 3951 ecclesiae
700 3881 838 3946 formam
856 3879 980 3966 jurent,
1003 3885 1043 3945 ut
1065 3887 1142 3947 ante
1161 3883 1344 3967 jusseratis,
1379 3906 1413 3949 se

356 3994 466 4054 vestro
497 3985 654 4051 mandato
683 3982 866 4070 parituros3
899 3988 934 4047 et
963 3981 1030 4047 illis
1058 3983 1116 4068 qui
1140 3983 1253 4050 taliter
1284 3983 1412 4050 absolvi

356 4090 545 4168 meruerint,
575 4088 612 4151 in
641 4085 768 4150 virtute
798 4084 994 4150 obedientiae
1024 4085 1217 4172 injungatis,
1249 4090 1412 4171 quatenus

356 4192 560 4268 mandatum,
584 4187 672 4274 quod
695 4186 742 4250 eis
765 4206 806 4251 ex
829 4191 922 4271 parte
945 4190 1057 4251 vestra
1082 4185 1249 4264 faciemus,
1271 4185 1411 4252 inviola-

389 4499 600 4562 lmeff
941 4494 1063 4554 ⁴wAE

387 4577 502 4638 ’ΜΕ
941 4572 1043 4634 ‘mh

387 4654 573 4716 men
