3278 5662
188 810 249 863 un
269 795 381 879 1169]
622 808 800 858 sersroun.
988 854 990 858 ,
1196 791 1237 856 29

186 1017 246 1062 nec
266 996 399 1062 adhuc¹
424 1018 484 1083 pro
507 996 649 1061 Domino
671 999 706 1061 et
728 994 872 1062 eeclesias
894 994 1049 1060 libertate
1082 993 1239 1058 formida-

186 1120 258 1163 mus
293 1120 512 1186 congressum.
560 1098 703 1176 Credite,
727 1099 872 1184 inquam,
896 1097 975 1183 quia
1008 1096 1080 1181 ejus
1112 1095 1239 1181 ingenii

186 1200 283 1268 homo
305 1208 357 1269 est
380 1208 420 1268 ut
441 1224 510 1268 non
526 1202 647 1289 vpossit
668 1202 732 1266 nisi
766 1200 939 1287 suppliciis
972 1198 1147 1266 emendari.
1195 1199 1239 1263 Et
1252 1198 1407 1266 Thebishop

186 1305 265 1391 quia
287 1305 393 1370 totius
416 1305 554 1372 malitias
587 1305 658 1391 ejus
681 1304 831 1369 incentor
854 1300 926 1368 ostl
956 1303 1127 1389 episcopus
1151 1301 1238 1367 Lon·
1251 1266 1405 1319 ⁰fL⁰¹¹d⁰¹¹'

186 1406 365 1486 doniensis,
388 1408 447 1493 qui
468 1429 575 1494 nuper
605 1408 642 1471 in
664 1411 794 1471 tantam
818 1404 963 1491 prosiliit
993 1404 1256 1490 impudentiam.-

186 1514 225 1573 ut
248 1510 372 1574 dixerit
405 1532 439 1574 se
473 1509 708 1576 cantuariensi
740 1507 892 1584 eeclesiae,
916 1508 969 1572 cui
1000 1507 1236 1592 professionem

187 1611 277 1688 fecit,
299 1612 435 1689 nullam,
461 1634 503 1677 ex
535 1634 601 1697 quo
632 1611 814 1677 translatus
847 1615 907 1685 est,
932 1609 1049 1674 debere
1082 1609 1231 1673 obedien-

186 1713 275 1791 tiam,
298 1715 459 1801 gloriatur
480 1715 580 1781 etiarn
605 1714 692 1799 quod
715 1712 904 1779 cathedram
927 1711 1234 1798 archiepiscopalem

187 1816 229 1879 ad
262 1815 430 1882 ecelesiam
464 1815 726 1882 Londoniensem
759 1814 929 1883 transferri
963 1813 1072 1887 faciet,
1107 1835 1236 1878 necesse

188 1924 239 1982 est
260 1924 364 1984 tantae
399 1918 590 2005 iniquitatis
621 1924 722 2003 eaput
752 1918 887 1995 conteri,
910 1923 950 1981 ut
972 1916 1158 2002 Anglicana
1188 1937 1238 1982 ec-

188 2020 286 2085 elesia
307 2021 522 2086 convalescat.
563 2020 798 2106 Opposuerunt
820 2041 854 2083 se
878 2019 928 2081 illi
943 2040 1049 2104 nuper
1065 2018 1239 2083 scissuram

188 2122 331 2187 ecolesiae
354 2122 505 2188 molienti
540 2122 659 2187 fratres
682 2125 717 2186 et
738 2121 919 2206 coepiscopi
953 2120 1068 2197 nostri,
1091 2121 1135 2185 ad
1158 2141 1239 2204 quos

188 2224 429 2291 subvertendos
462 2227 503 2290 de
537 2221 745 2289 cismarinis³
779 2224 932 2310 partibus
965 2224 1052 2310 regis
1084 2222 1238 2289 officiales

189 2328 341 2404 attraxit,
366 2333 404 2392 ut
436 2347 495 2413 per
517 2347 573 2391 eos
596 2325 788 2412 affligantur
821 2327 877 2410 qui
902 2347 975 2391 eum
1004 2326 1075 2411 ipso
1097 2325 1239 2410 recipere

189 2428 408 2495 characterem
431 2429 546 2493 bestias
569 2427 661 2492 non*
690 2429 923 2514 acquieverint.
970 2428 1104 2493 Placeat
1127 2427 1238 2513 itaque

189 2530 374 2616 dignationi
399 2534 528 2606 vestroe,
552 2551 653 2615 quam
677 2531 713 2594 in
736 2530 987 2596 Cantuariensis
1010 2529 1154 2595 ecolesiae
1181 2550 1238 2615 pa-

190 2636 355 2695 tronatum
396 2631 510 2695 Deus⁵
544 2631 729 2708 suscitavit,
752 2631 823 2697 haec
854 2632 897 2696 ad
930 2637 1073 2696 mentem
1113 2632 1238 2696 domini

191 2754 285 2819 papie
306 2733 469 2810 reducere,
493 2740 529 2799 et
550 2755 610 2820 pro
632 2755 723 2798 more
746 2739 857 2799 vestro
888 2734 1080 2800 confirmare
1104 2735 1140 2798 in
1163 2734 1238 2798 sub-

191 2836 345 2900 ventione
368 2836 513 2900 ecclesise
544 2836 662 2901 fratres
685 2839 821 2913 vestros,
845 2842 879 2901 et
912 2838 1153 2922 impetrarent
1183 2859 1240 2923 per

190 2943 374 3002 nostrarum
410 2937 622 3002 tolerantiam
655 2938 845 3023 passionum
878 2939 1029 3023 acquirat
1062 2938 1240 3022 apostolica

190 3040 280 3104 sedes
303 3039 496 3125 Anglicanas
519 3040 663 3106 ecelesiae
686 3039 882 3106 libertatem.
931 3041 1018 3104 Nam
1042 3043 1125 3106 mori
1157 3063 1238 3126 prae·

190 3141 346 3228 elegimus
369 3142 406 3205 in
421 3141 530 3206 exsilii
552 3142 732 3207 acerbitate
756 3164 815 3229 pro
838 3144 988 3219 Domino,
1005 3164 1105 3228 quam
1128 3142 1239 3209 videre

190 3243 357 3309 ecclesiam
381 3244 589 3309 exsecrandis
622 3249 840 3330 tyrannorum
872 3244 1107 3309 traditionibus
1130 3244 1238 3332 profa-

189 3347 270 3426 nari,
293 3352 328 3410 et
350 3345 485 3410 Divinae
507 3346 589 3431 legis
611 3347 765 3412 evacuari
788 3348 943 3433 vigorem.
989 3346 1075 3412 Date
1099 3349 1239 3427 veniam,

189 3449 266 3534 quia
297 3448 399 3513 verba
433 3448 625 3535 protrahere
664 3455 833 3535 protracta
866 3450 955 3535 cogit
987 3453 1173 3525 necessitas,
1205 3460 1239 3519 et

189 3549 348 3615 nonnulla
370 3570 446 3635 pars
479 3549 589 3615 solatii
611 3556 663 3614 est
686 3552 721 3614 in
752 3572 830 3614 aure
864 3551 1046 3616 dulcissimi
1079 3553 1239 3638 patriast

190 3651 328 3737 piissimi
371 3651 497 3716 domini
534 3652 684 3736 proprias
722 3651 889 3717 effundere
927 3652 1139 3720 calamitates.
1186 3656 1237 3722 Si-

188 3753 317 3840 quidem

233 3892 364 3958 “Dulce
388 3892 478 3980 loqui
501 3893 638 3971 miseris,
661 3899 852 3980 veteresque
876 3896 1029 3962 reducere
1052 3899 1215 3983 questus.”

191 4032 233 4096 Et
268 4039 307 4097 ut
338 4032 409 4098 haec
439 4033 561 4119 saepius
604 4034 647 4098 ad
683 4035 875 4100 memoriam
910 4037 1085 4115 reducatis,
1120 4040 1238 4103 vestris

188 4135 354 4221 provoluti
396 4134 537 4221 pedibus
581 4134 794 4202 affectuosius
837 4137 1059 4224 imploramus.
1120 4141 1239 4206 Valeat

188 4258 314 4322 semper
336 4237 497 4304 sanctitas
518 4245 641 4315 vestra,
662 4239 769 4304 nostri
792 4262 916 4306 memor
938 4247 1016 4306 ante
1038 4241 1156 4308 Deum.

233 4338 313 4405 Haeo
336 4347 417 4404 sunt
438 4339 575 4406 nomina
597 4341 964 4421 excommunicatorum,
988 4343 1047 4429 qui
1069 4344 1239 4432 incorrigi-

200 4479 241 4485 ..ι--
254 4480 268 4485 -
277 4480 458 4488 --..--..-.-.-...
472 4483 728 4490 ----—--—-.-·—-—

223 4541 231 4573 ¹
249 4540 285 4590 ad
297 4540 355 4599 doec,
368 4542 403 4591 V.
712 4555 715 4615 g
771 4544 781 4576 ⁴
799 4545 905 4605 nom-Im
923 4560 975 4595 om.
987 4545 1022 4606 Δ,
1034 4546 1065 4596 Ο.

222 4620 233 4652 ²
249 4628 293 4678 est,
304 4635 354 4671 om.
367 4622 397 4670 L.
771 4622 781 4653 ⁵
799 4622 881 4683 Dm,
894 4625 933 4684 05
951 4623 1084 4686 Dominus,
1097 4624 1126 4686 Z,
1136 4624 1166 4676 L.

222 4698 232 4727 ³
250 4700 414 4761 samariae,
426 4699 457 4748 0.
