<?xml version="1.0" encoding="UTF-8"?>
<!DOCTYPE html PUBLIC "-//W3C//DTD XHTML 1.0 Transitional//EN"
    "http://www.w3.org/TR/xhtml1/DTD/xhtml1-transitional.dtd">
<html xmlns="http://www.w3.org/1999/xhtml" xml:lang="en" lang="en">
 <head>
  <title>
</title>
<meta http-equiv="Content-Type" content="text/html;charset=utf-8" />
  <meta name='ocr-system' content='tesseract 3.04.00' />
  <meta name='ocr-capabilities' content='ocr_page ocr_carea ocr_par ocr_line ocrx_word'/>
</head>
<body>
  <div class='ocr_page' id='page_1' title='image "./materialsforhis00robegoog/materialsforhis00robegoog_0053.png"; bbox 0 0 3278 5662; ppageno 0'>
   <div class='ocr_carea' id='block_1_1' title="bbox 375 779 1419 868">
    <p class='ocr_par' dir='ltr' id='par_1_1' title="bbox 375 779 1419 868">
     <span class='ocr_line' id='line_1_1' title="bbox 375 779 1419 868; baseline 0.009 -29"><span class='ocrx_word' id='word_1_1' title='bbox 375 779 418 839; x_wconf 59' lang='lat'><strong>28</strong></span> <span class='ocrx_word' id='word_1_2' title='bbox 807 798 985 845; x_wconf 66' lang='lat' dir='ltr'><strong>uersuum„</strong></span> <span class='ocrx_word' id='word_1_3' title='bbox 1223 785 1304 868; x_wconf 68' lang='lat' dir='ltr'><strong>[sn.</strong></span> <span class='ocrx_word' id='word_1_4' title='bbox 1323 785 1419 848; x_wconf 81' lang='lat'><strong>1169.</strong></span> 
     </span>
    </p>
   </div>
   <div class='ocr_carea' id='block_1_2' title="bbox 368 976 1424 1783">
    <p class='ocr_par' dir='ltr' id='par_1_2' title="bbox 368 976 1424 1783">
     <span class='ocr_line' id='line_1_2' title="bbox 372 976 1423 1066; baseline 0.006 -28"><span class='ocrx_word' id='word_1_5' title='bbox 372 976 482 1040; x_wconf 71' lang='lat' dir='ltr'><strong>ltcus¹</strong></span> <span class='ocrx_word' id='word_1_6' title='bbox 518 976 690 1042; x_wconf 78' lang='lat' dir='ltr'><strong>nobiseum</strong></span> <span class='ocrx_word' id='word_1_7' title='bbox 723 987 782 1052; x_wconf 77' lang='lat' dir='ltr'><strong>est,</strong></span> <span class='ocrx_word' id='word_1_8' title='bbox 811 990 848 1042; x_wconf 88' lang='lat' dir='ltr'><strong>et</strong></span> <span class='ocrx_word' id='word_1_9' title='bbox 879 998 940 1063; x_wconf 91' lang='lat' dir='ltr'><strong>pro</strong></span> <span class='ocrx_word' id='word_1_10' title='bbox 971 979 1099 1043; x_wconf 72' lang='lat' dir='ltr'><strong>tuenda</strong></span> <span class='ocrx_word' id='word_1_11' title='bbox 1130 979 1203 1065; x_wconf 80' lang='lat' dir='ltr'><strong>lege</strong></span> <span class='ocrx_word' id='word_1_12' title='bbox 1225 979 1339 1066; x_wconf 87' lang='lat' dir='ltr'><strong>Ipsius</strong></span> <span class='ocrx_word' id='word_1_13' title='bbox 1370 987 1423 1046; x_wconf 79' lang='lat' dir='ltr'><strong>tot</strong></span> 
     </span>
     <span class='ocr_line' id='line_1_3' title="bbox 372 1079 1424 1168; baseline 0.009 -27"><span class='ocrx_word' id='word_1_14' title='bbox 372 1079 510 1162; x_wconf 76' lang='lat' dir='ltr'><strong>injurias</strong></span> <span class='ocrx_word' id='word_1_15' title='bbox 532 1086 567 1143; x_wconf 88' lang='lat' dir='ltr'><strong>et</strong></span> <span class='ocrx_word' id='word_1_16' title='bbox 589 1080 713 1144; x_wconf 74' lang='lat' dir='ltr'><strong>demna</strong></span> <span class='ocrx_word' id='word_1_17' title='bbox 734 1081 946 1144; x_wconf 76' lang='lat' dir='ltr'><strong>sustinemus</strong></span> <span class='ocrx_word' id='word_1_18' title='bbox 992 1080 1068 1146; x_wconf 83' lang='lat' dir='ltr'><strong>Hoc</strong></span> <span class='ocrx_word' id='word_1_19' title='bbox 1090 1103 1247 1168; x_wconf 87' lang='lat' dir='ltr'><strong>responso</strong></span> <span class='ocrx_word' id='word_1_20' title='bbox 1269 1083 1424 1149; x_wconf 76' lang='lat' dir='ltr'><strong>confusos</strong></span> 
     </span>
     <span class='ocr_line' id='line_1_4' title="bbox 370 1181 1420 1268; baseline 0.007 -24"><span class='ocrx_word' id='word_1_21' title='bbox 370 1181 508 1257; x_wconf 76' lang='lat' dir='ltr'><strong>dimisit,</strong></span> <span class='ocrx_word' id='word_1_22' title='bbox 531 1190 565 1246; x_wconf 83' lang='lat' dir='ltr'><strong>et</strong></span> <span class='ocrx_word' id='word_1_23' title='bbox 588 1181 709 1249; x_wconf 73' lang='lat' dir='ltr'><strong>nobis²</strong></span> <span class='ocrx_word' id='word_1_24' title='bbox 733 1183 837 1268; x_wconf 86' lang='lat' dir='ltr'><strong>(qnod</strong></span> <span class='ocrx_word' id='word_1_25' title='bbox 859 1185 890 1248; x_wconf 89' lang='lat' dir='ltr'><strong>ei</strong></span> <span class='ocrx_word' id='word_1_26' title='bbox 913 1184 1006 1248; x_wconf 79' lang='lat' dir='ltr'><strong>Deus</strong></span> <span class='ocrx_word' id='word_1_27' title='bbox 1028 1184 1227 1267; x_wconf 66' lang='lat' dir='ltr'><strong>retribuatt)</strong></span> <span class='ocrx_word' id='word_1_28' title='bbox 1249 1186 1350 1251; x_wconf 86' lang='lat' dir='ltr'><strong>solito</strong></span> <span class='ocrx_word' id='word_1_29' title='bbox 1363 1187 1420 1251; x_wconf 90' lang='lat' dir='ltr'><strong>be·</strong></span> 
     </span>
     <span class='ocr_line' id='line_1_5' title="bbox 369 1285 1421 1373; baseline 0.007 -26"><span class='ocrx_word' id='word_1_30' title='bbox 369 1285 503 1370; x_wconf 79' lang='lat' dir='ltr'><strong>nignior</strong></span> <span class='ocrx_word' id='word_1_31' title='bbox 535 1292 571 1349; x_wconf 90' lang='lat' dir='ltr'><strong>et</strong></span> <span class='ocrx_word' id='word_1_32' title='bbox 605 1285 773 1351; x_wconf 86' lang='lat' dir='ltr'><strong>liberalior</strong></span> <span class='ocrx_word' id='word_1_33' title='bbox 805 1294 865 1357; x_wconf 86' lang='lat' dir='ltr'><strong>est,</strong></span> <span class='ocrx_word' id='word_1_34' title='bbox 898 1286 975 1351; x_wconf 87' lang='lat' dir='ltr'><strong>licet</strong></span> <span class='ocrx_word' id='word_1_35' title='bbox 1009 1287 1174 1373; x_wconf 84' lang='lat' dir='ltr'><strong>benignus</strong></span> <span class='ocrx_word' id='word_1_36' title='bbox 1206 1298 1242 1352; x_wconf 89' lang='lat' dir='ltr'><strong>et</strong></span> <span class='ocrx_word' id='word_1_37' title='bbox 1275 1288 1421 1354; x_wconf 74' lang='lat' dir='ltr'><strong>liberulis</strong></span> 
     </span>
     <span class='ocr_line' id='line_1_6' title="bbox 368 1388 1423 1474; baseline 0.007 -25"><span class='ocrx_word' id='word_1_38' title='bbox 368 1408 498 1472; x_wconf 77' lang='lat' dir='ltr'><strong>semper</strong></span> <span class='ocrx_word' id='word_1_39' title='bbox 519 1389 694 1453; x_wconf 78' lang='lat' dir='ltr'><strong>exstiterit</strong></span> <span class='ocrx_word' id='word_1_40' title='bbox 741 1388 834 1452; x_wconf 81' lang='lat' dir='ltr'><strong>Dicit</strong></span> <span class='ocrx_word' id='word_1_41' title='bbox 847 1395 960 1453; x_wconf 87' lang='lat' dir='ltr'><strong>autem</strong></span> <span class='ocrx_word' id='word_1_42' title='bbox 975 1410 1010 1453; x_wconf 89' lang='lat' dir='ltr'><strong>se</strong></span> <span class='ocrx_word' id='word_1_43' title='bbox 1032 1389 1250 1474; x_wconf 82' lang='lat' dir='ltr'><strong>probaturum</strong></span> <span class='ocrx_word' id='word_1_44' title='bbox 1271 1393 1308 1455; x_wconf 90' lang='lat' dir='ltr'><strong>in</strong></span> <span class='ocrx_word' id='word_1_45' title='bbox 1322 1412 1423 1456; x_wconf 83' lang='lat' dir='ltr'><strong>causa</strong></span> 
     </span>
     <span class='ocr_line' id='line_1_7' title="bbox 369 1491 1423 1576; baseline 0.004 -22"><span class='ocrx_word' id='word_1_46' title='bbox 369 1495 483 1554; x_wconf 82' lang='lat' dir='ltr'><strong>nostra</strong></span> <span class='ocrx_word' id='word_1_47' title='bbox 515 1491 738 1555; x_wconf 84' lang='lat' dir='ltr'><strong>sinceritatem</strong></span> <span class='ocrx_word' id='word_1_48' title='bbox 772 1497 808 1555; x_wconf 86' lang='lat' dir='ltr'><strong>et</strong></span> <span class='ocrx_word' id='word_1_49' title='bbox 840 1492 989 1576; x_wconf 72' lang='lat' dir='ltr'><strong>rigorem</strong></span> <span class='ocrx_word' id='word_1_50' title='bbox 1021 1491 1167 1557; x_wconf 71' lang='lat' dir='ltr'><strong>ecclesiae</strong></span> <span class='ocrx_word' id='word_1_51' title='bbox 1196 1492 1365 1570; x_wconf 64' lang='lat' dir='ltr'><strong>Romanos</strong></span> <span class='ocrx_word' id='word_1_52' title='bbox 1386 1502 1423 1558; x_wconf 92' lang='lat' dir='ltr'><strong>et</strong></span> 
     </span>
     <span class='ocr_line' id='line_1_8' title="bbox 369 1593 1421 1680; baseline 0.007 -26"><span class='ocrx_word' id='word_1_53' title='bbox 369 1593 546 1658; x_wconf 82' lang='lat' dir='ltr'><strong>veritatem</strong></span> <span class='ocrx_word' id='word_1_54' title='bbox 582 1594 708 1658; x_wconf 89' lang='lat' dir='ltr'><strong>domiui</strong></span> <span class='ocrx_word' id='word_1_55' title='bbox 743 1615 850 1680; x_wconf 74' lang='lat' dir='ltr'><strong>papea,</strong></span> <span class='ocrx_word' id='word_1_56' title='bbox 870 1593 967 1677; x_wconf 88' lang='lat' dir='ltr'><strong>cujus</strong></span> <span class='ocrx_word' id='word_1_57' title='bbox 1000 1593 1099 1658; x_wconf 88' lang='lat' dir='ltr'><strong>fidem</strong></span> <span class='ocrx_word' id='word_1_58' title='bbox 1132 1600 1169 1659; x_wconf 93' lang='lat' dir='ltr'><strong>et</strong></span> <span class='ocrx_word' id='word_1_59' title='bbox 1198 1596 1421 1661; x_wconf 65' lang='lat' dir='ltr'><strong>constantiam</strong></span> 
     </span>
     <span class='ocr_line' id='line_1_9' title="bbox 369 1695 1419 1783; baseline 0.005 -26"><span class='ocrx_word' id='word_1_60' title='bbox 369 1695 403 1758; x_wconf 93' lang='lat' dir='ltr'><strong>in</strong></span> <span class='ocrx_word' id='word_1_61' title='bbox 427 1716 466 1760; x_wconf 89' lang='lat' dir='ltr'><strong>ec</strong></span> <span class='ocrx_word' id='word_1_62' title='bbox 497 1696 707 1760; x_wconf 73' lang='lat' dir='ltr'><strong>commendat</strong></span> <span class='ocrx_word' id='word_1_63' title='bbox 738 1695 931 1781; x_wconf 91' lang='lat' dir='ltr'><strong>plurimum,</strong></span> <span class='ocrx_word' id='word_1_64' title='bbox 963 1697 1052 1780; x_wconf 91' lang='lat' dir='ltr'><strong>quod</strong></span> <span class='ocrx_word' id='word_1_65' title='bbox 1085 1718 1198 1783; x_wconf 88' lang='lat' dir='ltr'><strong>regem</strong></span> <span class='ocrx_word' id='word_1_66' title='bbox 1220 1697 1352 1783; x_wconf 79' lang='lat' dir='ltr'><strong>Anglire</strong></span> <span class='ocrx_word' id='word_1_67' title='bbox 1382 1698 1419 1762; x_wconf 91' lang='lat' dir='ltr'><strong>in</strong></span> 
     </span>
    </p>
   </div>
   <div class='ocr_carea' id='block_1_3' title="bbox 367 1797 1527 1885">
    <p class='ocr_par' dir='ltr' id='par_1_3' title="bbox 367 1797 1527 1885">
     <span class='ocr_line' id='line_1_10' title="bbox 367 1797 1527 1885; baseline 0.004 -25"><span class='ocrx_word' id='word_1_68' title='bbox 367 1797 586 1882; x_wconf 75' lang='lat' dir='ltr'><strong>petitionibus</strong></span> <span class='ocrx_word' id='word_1_69' title='bbox 619 1798 753 1883; x_wconf 85' lang='lat' dir='ltr'><strong>injustis</strong></span> <span class='ocrx_word' id='word_1_70' title='bbox 783 1797 828 1860; x_wconf 89' lang='lat' dir='ltr'><strong>ab</strong></span> <span class='ocrx_word' id='word_1_71' title='bbox 862 1819 901 1861; x_wconf 89' lang='lat' dir='ltr'><strong>eo</strong></span> <span class='ocrx_word' id='word_1_72' title='bbox 934 1798 1059 1884; x_wconf 85' lang='lat' dir='ltr'><strong>gaudet</strong></span> <span class='ocrx_word' id='word_1_73' title='bbox 1091 1820 1161 1864; x_wconf 88' lang='lat' dir='ltr'><strong>esse</strong></span> <span class='ocrx_word' id='word_1_74' title='bbox 1191 1799 1420 1885; x_wconf 75' lang='lat' dir='ltr'><strong>repulsumsi</strong></span> <span class='ocrx_word' id='word_1_75' title='bbox 1517 1811 1527 1821; x_wconf 76' lang='grc'><strong><em>”</em></strong></span> 
     </span>
    </p>
   </div>
   <div class='ocr_carea' id='block_1_4' title="bbox 357 1899 1419 4436">
    <p class='ocr_par' dir='ltr' id='par_1_4' title="bbox 357 1899 1419 4436">
     <span class='ocr_line' id='line_1_11' title="bbox 366 1899 1419 1986; baseline 0.001 -23"><span class='ocrx_word' id='word_1_76' title='bbox 366 1907 480 1964; x_wconf 89' lang='lat' dir='ltr'><strong>tamen</strong></span> <span class='ocrx_word' id='word_1_77' title='bbox 502 1921 582 1965; x_wconf 82' lang='lat' dir='ltr'><strong>vera</strong></span> <span class='ocrx_word' id='word_1_78' title='bbox 604 1907 685 1964; x_wconf 88' lang='lat' dir='ltr'><strong>sunt</strong></span> <span class='ocrx_word' id='word_1_79' title='bbox 707 1919 784 1984; x_wconf 74' lang='lat' dir='ltr'><strong>quse</strong></span> <span class='ocrx_word' id='word_1_80' title='bbox 814 1899 949 1963; x_wconf 83' lang='lat' dir='ltr'><strong>audivit</strong></span> <span class='ocrx_word' id='word_1_81' title='bbox 970 1922 991 1964; x_wconf 89' lang='lat' dir='ltr'><strong>a</strong></span> <span class='ocrx_word' id='word_1_82' title='bbox 1013 1900 1235 1986; x_wconf 84' lang='lat' dir='ltr'><strong>rumigerulis,</strong></span> <span class='ocrx_word' id='word_1_83' title='bbox 1256 1908 1292 1965; x_wconf 90' lang='lat' dir='ltr'><strong>et</strong></span> <span class='ocrx_word' id='word_1_84' title='bbox 1313 1900 1419 1966; x_wconf 88' lang='lat' dir='ltr'><strong>domi-</strong></span> 
     </span>
     <span class='ocr_line' id='line_1_12' title="bbox 367 2001 1419 2088; baseline 0.003 -24"><span class='ocrx_word' id='word_1_85' title='bbox 367 2020 430 2065; x_wconf 85' lang='lat' dir='ltr'><strong>nus</strong></span> <span class='ocrx_word' id='word_1_86' title='bbox 465 2023 551 2088; x_wconf 86' lang='lat' dir='ltr'><strong>papa</strong></span> <span class='ocrx_word' id='word_1_87' title='bbox 582 2001 845 2087; x_wconf 83' lang='lat' dir='ltr'><strong>perseveraverit</strong></span> <span class='ocrx_word' id='word_1_88' title='bbox 879 2001 914 2063; x_wconf 91' lang='lat' dir='ltr'><strong>in</strong></span> <span class='ocrx_word' id='word_1_89' title='bbox 947 2023 986 2065; x_wconf 91' lang='lat' dir='ltr'><strong>eo</strong></span> <span class='ocrx_word' id='word_1_90' title='bbox 1017 2001 1107 2086; x_wconf 90' lang='lat' dir='ltr'><strong>quod</strong></span> <span class='ocrx_word' id='word_1_91' title='bbox 1138 2003 1169 2066; x_wconf 86' lang='lat' dir='ltr'><strong>ei</strong></span> <span class='ocrx_word' id='word_1_92' title='bbox 1202 2003 1356 2087; x_wconf 72' lang='lat' dir='ltr'><strong>promisit</strong></span> <span class='ocrx_word' id='word_1_93' title='bbox 1376 2001 1419 2067; x_wconf 92' lang='lat' dir='ltr'><strong>de</strong></span> 
     </span>
     <span class='ocr_line' id='line_1_13' title="bbox 367 2103 1418 2188; baseline 0.002 -19"><span class='ocrx_word' id='word_1_94' title='bbox 367 2104 469 2169; x_wconf 85' lang='lat' dir='ltr'><strong>nobis.</strong></span> <span class='ocrx_word' id='word_1_95' title='bbox 517 2105 605 2169; x_wconf 87' lang='lat' dir='ltr'><strong>Sunt</strong></span> <span class='ocrx_word' id='word_1_96' title='bbox 629 2105 664 2167; x_wconf 92' lang='lat' dir='ltr'><strong>iu</strong></span> <span class='ocrx_word' id='word_1_97' title='bbox 687 2118 781 2188; x_wconf 82' lang='lat' dir='ltr'><strong>parte</strong></span> <span class='ocrx_word' id='word_1_98' title='bbox 804 2103 945 2168; x_wconf 84' lang='lat' dir='ltr'><strong>adversa</strong></span> <span class='ocrx_word' id='word_1_99' title='bbox 976 2105 1035 2188; x_wconf 90' lang='lat' dir='ltr'><strong>qui</strong></span> <span class='ocrx_word' id='word_1_100' title='bbox 1058 2126 1118 2169; x_wconf 88' lang='lat' dir='ltr'><strong>nos</strong></span> <span class='ocrx_word' id='word_1_101' title='bbox 1148 2103 1336 2170; x_wconf 81' lang='lat' dir='ltr'><strong>ablatorum</strong></span> <span class='ocrx_word' id='word_1_102' title='bbox 1368 2127 1418 2171; x_wconf 88' lang='lat' dir='ltr'><strong>re·</strong></span> 
     </span>
     <span class='ocr_line' id='line_1_14' title="bbox 366 2202 1418 2292; baseline 0.002 -23"><span class='ocrx_word' id='word_1_103' title='bbox 366 2206 576 2271; x_wconf 80' lang='lat' dir='ltr'><strong>stitutionem</strong></span> <span class='ocrx_word' id='word_1_104' title='bbox 611 2210 723 2290; x_wconf 87' lang='lat' dir='ltr'><strong>petere</strong></span> <span class='ocrx_word' id='word_1_105' title='bbox 757 2205 983 2280; x_wconf 69' lang='lat' dir='ltr'><strong>dissuadeant,</strong></span> <span class='ocrx_word' id='word_1_106' title='bbox 1012 2212 1048 2270; x_wconf 89' lang='lat' dir='ltr'><strong>et</strong></span> <span class='ocrx_word' id='word_1_107' title='bbox 1080 2206 1109 2269; x_wconf 91' lang='lat' dir='ltr'><strong>si</strong></span> <span class='ocrx_word' id='word_1_108' title='bbox 1147 2202 1236 2271; x_wconf 82' lang='lat' dir='ltr'><strong>forte</strong></span> <span class='ocrx_word' id='word_1_109' title='bbox 1265 2206 1308 2271; x_wconf 87' lang='lat' dir='ltr'><strong>de</strong></span> <span class='ocrx_word' id='word_1_110' title='bbox 1338 2227 1418 2292; x_wconf 84' lang='lat' dir='ltr'><strong>pace</strong></span> 
     </span>
     <span class='ocr_line' id='line_1_15' title="bbox 366 2306 1418 2394; baseline 0.002 -24"><span class='ocrx_word' id='word_1_111' title='bbox 366 2307 530 2394; x_wconf 82' lang='lat' dir='ltr'><strong>agendum</strong></span> <span class='ocrx_word' id='word_1_112' title='bbox 545 2306 656 2382; x_wconf 86' lang='lat' dir='ltr'><strong>fuerit,</strong></span> <span class='ocrx_word' id='word_1_113' title='bbox 672 2306 785 2370; x_wconf 88' lang='lat' dir='ltr'><strong>omnia</strong></span> <span class='ocrx_word' id='word_1_114' title='bbox 798 2306 1021 2391; x_wconf 65' lang='lat' dir='ltr'><strong>perfunctorie</strong></span> <span class='ocrx_word' id='word_1_115' title='bbox 1036 2306 1259 2392; x_wconf 77' lang='lat' dir='ltr'><strong>pcrtmnsire3</strong></span> <span class='ocrx_word' id='word_1_116' title='bbox 1281 2328 1350 2372; x_wconf 87' lang='lat' dir='ltr'><strong>uon</strong></span> <span class='ocrx_word' id='word_1_117' title='bbox 1365 2313 1418 2373; x_wconf 85' lang='lat' dir='ltr'><strong>at·</strong></span> 
     </span>
     <span class='ocr_line' id='line_1_16' title="bbox 367 2406 1418 2494; baseline 0.002 -20"><span class='ocrx_word' id='word_1_118' title='bbox 367 2409 540 2474; x_wconf 89' lang='lat' dir='ltr'><strong>tendentes</strong></span> <span class='ocrx_word' id='word_1_119' title='bbox 563 2428 662 2493; x_wconf 88' lang='lat' dir='ltr'><strong>qusm</strong></span> <span class='ocrx_word' id='word_1_120' title='bbox 685 2406 929 2493; x_wconf 84' lang='lat' dir='ltr'><strong>pcmieiosum³</strong></span> <span class='ocrx_word' id='word_1_121' title='bbox 950 2414 1038 2474; x_wconf 86' lang='lat' dir='ltr'><strong>esset</strong></span> <span class='ocrx_word' id='word_1_122' title='bbox 1052 2408 1212 2494; x_wconf 85' lang='lat' dir='ltr'><strong>exemplo,</strong></span> <span class='ocrx_word' id='word_1_123' title='bbox 1227 2429 1302 2474; x_wconf 89' lang='lat' dir='ltr'><strong>cum</strong></span> <span class='ocrx_word' id='word_1_124' title='bbox 1326 2408 1418 2476; x_wconf 85' lang='lat' dir='ltr'><strong>lucro</strong></span> 
     </span>
     <span class='ocr_line' id='line_1_17' title="bbox 367 2508 1417 2597; baseline 0.002 -23"><span class='ocrx_word' id='word_1_125' title='bbox 367 2532 523 2577; x_wconf 87' lang='lat' dir='ltr'><strong>succensa</strong></span> <span class='ocrx_word' id='word_1_126' title='bbox 556 2510 722 2595; x_wconf 77' lang='lat' dir='ltr'><strong>cupiditas</strong></span> <span class='ocrx_word' id='word_1_127' title='bbox 755 2508 834 2575; x_wconf 87' lang='lat' dir='ltr'><strong>hinc</strong></span> <span class='ocrx_word' id='word_1_128' title='bbox 867 2511 1008 2575; x_wconf 88' lang='lat' dir='ltr'><strong>animari</strong></span> <span class='ocrx_word' id='word_1_129' title='bbox 1042 2511 1147 2596; x_wconf 83' lang='lat' dir='ltr'><strong>possit</strong></span> <span class='ocrx_word' id='word_1_130' title='bbox 1170 2516 1212 2575; x_wconf 90' lang='lat' dir='ltr'><strong>ut</strong></span> <span class='ocrx_word' id='word_1_131' title='bbox 1232 2531 1294 2597; x_wconf 90' lang='lat' dir='ltr'><strong>pro</strong></span> <span class='ocrx_word' id='word_1_132' title='bbox 1315 2511 1417 2577; x_wconf 90' lang='lat' dir='ltr'><strong>libitu</strong></span> 
     </span>
     <span class='ocr_line' id='line_1_18' title="bbox 366 2612 1415 2701; baseline 0 -23"><span class='ocrx_word' id='word_1_133' title='bbox 366 2615 490 2701; x_wconf 83' lang='lat' dir='ltr'><strong>releget</strong></span> <span class='ocrx_word' id='word_1_134' title='bbox 512 2619 546 2677; x_wconf 92' lang='lat' dir='ltr'><strong>ct</strong></span> <span class='ocrx_word' id='word_1_135' title='bbox 569 2612 753 2698; x_wconf 86' lang='lat' dir='ltr'><strong>proscribat</strong></span> <span class='ocrx_word' id='word_1_136' title='bbox 775 2613 968 2698; x_wconf 71' lang='lat' dir='ltr'><strong>episcopos*</strong></span> <span class='ocrx_word' id='word_1_137' title='bbox 993 2619 1028 2678; x_wconf 90' lang='lat' dir='ltr'><strong>et</strong></span> <span class='ocrx_word' id='word_1_138' title='bbox 1049 2612 1186 2677; x_wconf 88' lang='lat' dir='ltr'><strong>tandem</strong></span> <span class='ocrx_word' id='word_1_139' title='bbox 1208 2614 1244 2677; x_wconf 94' lang='lat' dir='ltr'><strong>in</strong></span> <span class='ocrx_word' id='word_1_140' title='bbox 1271 2615 1415 2700; x_wconf 83' lang='lat' dir='ltr'><strong>gratiam</strong></span> 
     </span>
     <span class='ocr_line' id='line_1_19' title="bbox 365 2714 1417 2800; baseline -0.002 -18"><span class='ocrx_word' id='word_1_141' title='bbox 365 2717 509 2782; x_wconf 84' lang='lat' dir='ltr'><strong>ccclesiae</strong></span> <span class='ocrx_word' id='word_1_142' title='bbox 540 2715 663 2790; x_wconf 86' lang='lat' dir='ltr'><strong>redeat,</strong></span> <span class='ocrx_word' id='word_1_143' title='bbox 686 2714 715 2778; x_wconf 87' lang='lat' dir='ltr'><strong>si</strong></span> <span class='ocrx_word' id='word_1_144' title='bbox 747 2734 953 2800; x_wconf 86' lang='lat' dir='ltr'><strong>quacumque</strong></span> <span class='ocrx_word' id='word_1_145' title='bbox 983 2715 1116 2799; x_wconf 87' lang='lat' dir='ltr'><strong>jactura</strong></span> <span class='ocrx_word' id='word_1_146' title='bbox 1146 2714 1239 2779; x_wconf 86' lang='lat' dir='ltr'><strong>illius</strong></span> <span class='ocrx_word' id='word_1_147' title='bbox 1269 2715 1417 2800; x_wconf 89' lang='lat' dir='ltr'><strong>qualem-</strong></span> 
     </span>
     <span class='ocr_line' id='line_1_20' title="bbox 364 2816 1416 2905; baseline -0.001 -21"><span class='ocrx_word' id='word_1_148' title='bbox 364 2840 505 2905; x_wconf 83' lang='lat' dir='ltr'><strong>cumque</strong></span> <span class='ocrx_word' id='word_1_149' title='bbox 536 2817 651 2884; x_wconf 87' lang='lat' dir='ltr'><strong>fccerit</strong></span> <span class='ocrx_word' id='word_1_150' title='bbox 683 2838 804 2902; x_wconf 89' lang='lat' dir='ltr'><strong>pacem.</strong></span> <span class='ocrx_word' id='word_1_151' title='bbox 851 2817 939 2881; x_wconf 90' lang='lat' dir='ltr'><strong>Nam</strong></span> <span class='ocrx_word' id='word_1_152' title='bbox 971 2816 1161 2902; x_wconf 90' lang='lat' dir='ltr'><strong>hujusmodi</strong></span> <span class='ocrx_word' id='word_1_153' title='bbox 1192 2817 1416 2884; x_wconf 67' lang='lat' dir='ltr'><strong>dissimulatio</strong></span> 
     </span>
     <span class='ocr_line' id='line_1_21' title="bbox 364 2918 1415 3008; baseline -0.002 -22"><span class='ocrx_word' id='word_1_154' title='bbox 364 2921 502 3008; x_wconf 85' lang='lat' dir='ltr'><strong>cupidas</strong></span> <span class='ocrx_word' id='word_1_155' title='bbox 539 2919 689 2986; x_wconf 88' lang='lat' dir='ltr'><strong>incendit</strong></span> <span class='ocrx_word' id='word_1_156' title='bbox 726 2924 919 3004; x_wconf 74' lang='lat' dir='ltr'><strong>potestates,</strong></span> <span class='ocrx_word' id='word_1_157' title='bbox 957 2923 992 2983; x_wconf 86' lang='lat' dir='ltr'><strong>et</strong></span> <span class='ocrx_word' id='word_1_158' title='bbox 1030 2918 1194 3004; x_wconf 82' lang='lat' dir='ltr'><strong>perversis</strong></span> <span class='ocrx_word' id='word_1_159' title='bbox 1223 2918 1415 2984; x_wconf 87' lang='lat' dir='ltr'><strong>hominibus</strong></span> 
     </span>
     <span class='ocr_line' id='line_1_22' title="bbox 363 3021 1417 3110; baseline -0.003 -21"><span class='ocrx_word' id='word_1_160' title='bbox 363 3029 501 3110; x_wconf 82' lang='lat' dir='ltr'><strong>praestst</strong></span> <span class='ocrx_word' id='word_1_161' title='bbox 532 3022 703 3088; x_wconf 82' lang='lat' dir='ltr'><strong>audaciam</strong></span> <span class='ocrx_word' id='word_1_162' title='bbox 736 3021 959 3106; x_wconf 89' lang='lat' dir='ltr'><strong>delinquendi,</strong></span> <span class='ocrx_word' id='word_1_163' title='bbox 983 3021 1165 3107; x_wconf 86' lang='lat' dir='ltr'><strong>meliusque</strong></span> <span class='ocrx_word' id='word_1_164' title='bbox 1199 3021 1295 3086; x_wconf 90' lang='lat' dir='ltr'><strong>nobis</strong></span> <span class='ocrx_word' id='word_1_165' title='bbox 1328 3027 1417 3086; x_wconf 86' lang='lat' dir='ltr'><strong>esset</strong></span> 
     </span>
     <span class='ocr_line' id='line_1_23' title="bbox 363 3123 1415 3210; baseline -0.003 -19"><span class='ocrx_word' id='word_1_166' title='bbox 363 3149 430 3191; x_wconf 86' lang='lat' dir='ltr'><strong>non</strong></span> <span class='ocrx_word' id='word_1_167' title='bbox 460 3127 564 3190; x_wconf 80' lang='lat' dir='ltr'><strong>tuisse</strong></span> <span class='ocrx_word' id='word_1_168' title='bbox 586 3130 691 3203; x_wconf 82' lang='lat' dir='ltr'><strong>natos,</strong></span> <span class='ocrx_word' id='word_1_169' title='bbox 715 3145 813 3209; x_wconf 89' lang='lat' dir='ltr'><strong>quam</strong></span> <span class='ocrx_word' id='word_1_170' title='bbox 838 3125 873 3188; x_wconf 88' lang='lat' dir='ltr'><strong>in</strong></span> <span class='ocrx_word' id='word_1_171' title='bbox 896 3124 1063 3190; x_wconf 79' lang='lat' dir='ltr'><strong>ecclesiam</strong></span> <span class='ocrx_word' id='word_1_172' title='bbox 1095 3123 1265 3189; x_wconf 82' lang='lat' dir='ltr'><strong>induxisse</strong></span> <span class='ocrx_word' id='word_1_173' title='bbox 1287 3129 1415 3210; x_wconf 79' lang='lat' dir='ltr'><strong>pestem</strong></span> 
     </span>
     <span class='ocr_line' id='line_1_24' title="bbox 363 3226 1414 3314; baseline -0.003 -21"><span class='ocrx_word' id='word_1_174' title='bbox 363 3235 432 3294; x_wconf 88' lang='lat' dir='ltr'><strong>tam</strong></span> <span class='ocrx_word' id='word_1_175' title='bbox 456 3227 631 3313; x_wconf 84' lang='lat' dir='ltr'><strong>perniciosi</strong></span> <span class='ocrx_word' id='word_1_176' title='bbox 655 3227 819 3313; x_wconf 81' lang='lat' dir='ltr'><strong>exempli3</strong></span> <span class='ocrx_word' id='word_1_177' title='bbox 849 3226 1033 3314; x_wconf 71' lang='lat' dir='ltr'><strong>prmsertim</strong></span> <span class='ocrx_word' id='word_1_178' title='bbox 1056 3247 1129 3292; x_wconf 87' lang='lat' dir='ltr'><strong>cum</strong></span> <span class='ocrx_word' id='word_1_179' title='bbox 1162 3226 1212 3290; x_wconf 90' lang='lat' dir='ltr'><strong>illi</strong></span> <span class='ocrx_word' id='word_1_180' title='bbox 1247 3226 1344 3292; x_wconf 81' lang='lat' dir='ltr'><strong>facilc</strong></span> <span class='ocrx_word' id='word_1_181' title='bbox 1367 3226 1414 3292; x_wconf 82' lang='lat' dir='ltr'><strong>sit</strong></span> 
     </span>
     <span class='ocr_line' id='line_1_25' title="bbox 364 3329 1414 3416; baseline -0.001 -20"><span class='ocrx_word' id='word_1_182' title='bbox 364 3333 487 3396; x_wconf 84' lang='lat' dir='ltr'><strong>damna</strong></span> <span class='ocrx_word' id='word_1_183' title='bbox 524 3352 633 3395; x_wconf 91' lang='lat' dir='ltr'><strong>rerum</strong></span> <span class='ocrx_word' id='word_1_184' title='bbox 672 3330 950 3408; x_wconf 86' lang='lat' dir='ltr'><strong>immunitatibus,</strong></span> <span class='ocrx_word' id='word_1_185' title='bbox 988 3329 1183 3416; x_wconf 86' lang='lat' dir='ltr'><strong>privilegiis,</strong></span> <span class='ocrx_word' id='word_1_186' title='bbox 1216 3336 1252 3394; x_wconf 90' lang='lat' dir='ltr'><strong>et</strong></span> <span class='ocrx_word' id='word_1_187' title='bbox 1288 3351 1414 3416; x_wconf 83' lang='lat' dir='ltr'><strong>posses·</strong></span> 
     </span>
     <span class='ocr_line' id='line_1_26' title="bbox 361 3431 1415 3518; baseline -0.001 -20"><span class='ocrx_word' id='word_1_188' title='bbox 361 3432 510 3499; x_wconf 87' lang='lat' dir='ltr'><strong>sionibus</strong></span> <span class='ocrx_word' id='word_1_189' title='bbox 546 3431 702 3509; x_wconf 71' lang='lat' dir='ltr'><strong>incultis,5</strong></span> <span class='ocrx_word' id='word_1_190' title='bbox 733 3437 769 3497; x_wconf 87' lang='lat' dir='ltr'><strong>et</strong></span> <span class='ocrx_word' id='word_1_191' title='bbox 789 3432 864 3497; x_wconf 89' lang='lat' dir='ltr'><strong>aliis</strong></span> <span class='ocrx_word' id='word_1_192' title='bbox 898 3432 1075 3508; x_wconf 86' lang='lat' dir='ltr'><strong>beneficiis,</strong></span> <span class='ocrx_word' id='word_1_193' title='bbox 1097 3435 1211 3497; x_wconf 88' lang='lat' dir='ltr'><strong>nostro</strong></span> <span class='ocrx_word' id='word_1_194' title='bbox 1244 3437 1415 3518; x_wconf 84' lang='lat' dir='ltr'><strong>praeeunte</strong></span> 
     </span>
     <span class='ocr_line' id='line_1_27' title="bbox 361 3532 1411 3621; baseline -0.005 -19"><span class='ocrx_word' id='word_1_195' title='bbox 361 3534 506 3612; x_wconf 86' lang='lat' dir='ltr'><strong>consilic,</strong></span> <span class='ocrx_word' id='word_1_196' title='bbox 528 3556 569 3598; x_wconf 86' lang='lat' dir='ltr'><strong>ex</strong></span> <span class='ocrx_word' id='word_1_197' title='bbox 593 3538 686 3619; x_wconf 83' lang='lat' dir='ltr'><strong>parte</strong></span> <span class='ocrx_word' id='word_1_198' title='bbox 710 3535 855 3599; x_wconf 84' lang='lat' dir='ltr'><strong>maxima</strong></span> <span class='ocrx_word' id='word_1_199' title='bbox 885 3554 1102 3621; x_wconf 88' lang='lat' dir='ltr'><strong>compensare.</strong></span> <span class='ocrx_word' id='word_1_200' title='bbox 1150 3534 1268 3619; x_wconf 85' lang='lat' dir='ltr'><strong>Neque</strong></span> <span class='ocrx_word' id='word_1_201' title='bbox 1289 3532 1360 3611; x_wconf 89' lang='lat' dir='ltr'><strong>hoc,</strong></span> <span class='ocrx_word' id='word_1_202' title='bbox 1382 3533 1411 3598; x_wconf 89' lang='lat' dir='ltr'><strong>si</strong></span> 
     </span>
     <span class='ocr_line' id='line_1_28' title="bbox 361 3632 1414 3723; baseline -0.004 -19"><span class='ocrx_word' id='word_1_203' title='bbox 361 3637 516 3704; x_wconf 90' lang='lat' dir='ltr'><strong>dominus</strong></span> <span class='ocrx_word' id='word_1_204' title='bbox 539 3658 626 3723; x_wconf 88' lang='lat' dir='ltr'><strong>papa</strong></span> <span class='ocrx_word' id='word_1_205' title='bbox 641 3632 761 3701; x_wconf 76' lang='lat' dir='ltr'><strong>nobis⁰</strong></span> <span class='ocrx_word' id='word_1_206' title='bbox 783 3635 962 3713; x_wconf 85' lang='lat' dir='ltr'><strong>adstiterit,</strong></span> <span class='ocrx_word' id='word_1_207' title='bbox 978 3634 1110 3701; x_wconf 88' lang='lat' dir='ltr'><strong>difficile</strong></span> <span class='ocrx_word' id='word_1_208' title='bbox 1132 3640 1183 3700; x_wconf 89' lang='lat' dir='ltr'><strong>est</strong></span> <span class='ocrx_word' id='word_1_209' title='bbox 1205 3636 1414 3720; x_wconf 81' lang='lat' dir='ltr'><strong>extorqueri3</strong></span> 
     </span>
     <span class='ocr_line' id='line_1_29' title="bbox 361 3738 1414 3827; baseline -0.002 -23"><span class='ocrx_word' id='word_1_210' title='bbox 361 3740 449 3827; x_wconf 89' lang='lat' dir='ltr'><strong>quia,</strong></span> <span class='ocrx_word' id='word_1_211' title='bbox 473 3740 553 3805; x_wconf 89' lang='lat' dir='ltr'><strong>licet</strong></span> <span class='ocrx_word' id='word_1_212' title='bbox 584 3738 774 3825; x_wconf 72' lang='lat' dir='ltr'><strong>prsetendat</strong></span> <span class='ocrx_word' id='word_1_213' title='bbox 796 3738 913 3815; x_wconf 79' lang='lat' dir='ltr'><strong>minas,</strong></span> <span class='ocrx_word' id='word_1_214' title='bbox 935 3742 1027 3802; x_wconf 90' lang='lat' dir='ltr'><strong>totus</strong></span> <span class='ocrx_word' id='word_1_215' title='bbox 1058 3744 1183 3803; x_wconf 88' lang='lat' dir='ltr'><strong>terrore</strong></span> <span class='ocrx_word' id='word_1_216' title='bbox 1216 3738 1414 3815; x_wconf 89' lang='lat' dir='ltr'><strong>concutitur,</strong></span> 
     </span>
     <span class='ocr_line' id='line_1_30' title="bbox 360 3839 1412 3926; baseline -0.002 -19"><span class='ocrx_word' id='word_1_217' title='bbox 360 3865 402 3907; x_wconf 86' lang='lat' dir='ltr'><strong>ex</strong></span> <span class='ocrx_word' id='word_1_218' title='bbox 435 3863 501 3926; x_wconf 91' lang='lat' dir='ltr'><strong>quo</strong></span> <span class='ocrx_word' id='word_1_219' title='bbox 533 3847 743 3907; x_wconf 83' lang='lat' dir='ltr'><strong>contumaces</strong></span> <span class='ocrx_word' id='word_1_220' title='bbox 782 3840 958 3926; x_wconf 87' lang='lat' dir='ltr'><strong>episcopos,</strong></span> <span class='ocrx_word' id='word_1_221' title='bbox 991 3844 1026 3904; x_wconf 88' lang='lat' dir='ltr'><strong>et</strong></span> <span class='ocrx_word' id='word_1_222' title='bbox 1056 3839 1138 3904; x_wconf 84' lang='lat' dir='ltr'><strong>alios</strong></span> <span class='ocrx_word' id='word_1_223' title='bbox 1172 3839 1310 3905; x_wconf 82' lang='lat' dir='ltr'><strong>malitise</strong></span> <span class='ocrx_word' id='word_1_224' title='bbox 1343 3861 1412 3905; x_wconf 76' lang='lat' dir='ltr'><strong>sum</strong></span> 
     </span>
     <span class='ocr_line' id='line_1_31' title="bbox 359 3940 1409 4032; baseline -0.003 -21"><span class='ocrx_word' id='word_1_225' title='bbox 359 3944 541 4032; x_wconf 83' lang='lat' dir='ltr'><strong>complices,</strong></span> <span class='ocrx_word' id='word_1_226' title='bbox 566 3949 600 4008; x_wconf 93' lang='lat' dir='ltr'><strong>ct</strong></span> <span class='ocrx_word' id='word_1_227' title='bbox 622 3941 783 4008; x_wconf 86' lang='lat' dir='ltr'><strong>satellites</strong></span> <span class='ocrx_word' id='word_1_228' title='bbox 806 3942 1006 4027; x_wconf 86' lang='lat' dir='ltr'><strong>iniquitatis,</strong></span> <span class='ocrx_word' id='word_1_229' title='bbox 1031 3940 1189 4008; x_wconf 82' lang='lat' dir='ltr'><strong>Sathanae</strong></span> <span class='ocrx_word' id='word_1_230' title='bbox 1211 3942 1299 4009; x_wconf 89' lang='lat' dir='ltr'><strong>tradi</strong></span> <span class='ocrx_word' id='word_1_231' title='bbox 1323 3943 1409 4008; x_wconf 86' lang='lat' dir='ltr'><strong>vidit</strong></span> 
     </span>
     <span class='ocr_line' id='line_1_32' title="bbox 359 4043 1409 4121; baseline -0.001 -9"><span class='ocrx_word' id='word_1_232' title='bbox 359 4049 395 4112; x_wconf 90' lang='lat' dir='ltr'><strong>in</strong></span> <span class='ocrx_word' id='word_1_233' title='bbox 427 4046 604 4112; x_wconf 89' lang='lat' dir='ltr'><strong>interitum</strong></span> <span class='ocrx_word' id='word_1_234' title='bbox 642 4043 757 4110; x_wconf 84' lang='lat' dir='ltr'><strong>carnis.</strong></span> <span class='ocrx_word' id='word_1_235' title='bbox 822 4043 909 4108; x_wconf 87' lang='lat' dir='ltr'><strong>Nam</strong></span> <span class='ocrx_word' id='word_1_236' title='bbox 948 4044 977 4107; x_wconf 86' lang='lat' dir='ltr'><strong>si</strong></span> <span class='ocrx_word' id='word_1_237' title='bbox 1011 4044 1069 4109; x_wconf 88' lang='lat' dir='ltr'><strong>isti</strong></span> <span class='ocrx_word' id='word_1_238' title='bbox 1102 4045 1236 4110; x_wconf 86' lang='lat' dir='ltr'><strong>contriti</strong></span> <span class='ocrx_word' id='word_1_239' title='bbox 1277 4045 1409 4121; x_wconf 86' lang='lat' dir='ltr'><strong>fuerint,</strong></span> 
     </span>
     <span class='ocr_line' id='line_1_33' title="bbox 359 4144 1409 4232; baseline -0.004 -16"><span class='ocrx_word' id='word_1_240' title='bbox 359 4150 459 4216; x_wconf 82' lang='lat' dir='ltr'><strong>citius</strong></span> <span class='ocrx_word' id='word_1_241' title='bbox 497 4153 532 4214; x_wconf 89' lang='lat' dir='ltr'><strong>et</strong></span> <span class='ocrx_word' id='word_1_242' title='bbox 562 4147 693 4213; x_wconf 85' lang='lat' dir='ltr'><strong>facilius</strong></span> <span class='ocrx_word' id='word_1_243' title='bbox 727 4144 985 4232; x_wconf 84' lang='lat' dir='ltr'><strong>perdomabitur,</strong></span> <span class='ocrx_word' id='word_1_244' title='bbox 1023 4152 1057 4210; x_wconf 90' lang='lat' dir='ltr'><strong>et</strong></span> <span class='ocrx_word' id='word_1_245' title='bbox 1094 4146 1231 4232; x_wconf 81' lang='lat' dir='ltr'><strong>fulgura</strong></span> <span class='ocrx_word' id='word_1_246' title='bbox 1268 4147 1339 4231; x_wconf 80' lang='lat' dir='ltr'><strong>ejus</strong></span> <span class='ocrx_word' id='word_1_247' title='bbox 1373 4149 1409 4212; x_wconf 93' lang='lat' dir='ltr'><strong>iu</strong></span> 
     </span>
     <span class='ocr_line' id='line_1_34' title="bbox 358 4248 1410 4338; baseline -0.001 -22"><span class='ocrx_word' id='word_1_248' title='bbox 358 4252 507 4338; x_wconf 88' lang='lat' dir='ltr'><strong>pluviam</strong></span> <span class='ocrx_word' id='word_1_249' title='bbox 530 4251 772 4317; x_wconf 84' lang='lat' dir='ltr'><strong>convertentur.</strong></span> <span class='ocrx_word' id='word_1_250' title='bbox 820 4248 975 4336; x_wconf 85' lang='lat' dir='ltr'><strong>Expertis</strong></span> <span class='ocrx_word' id='word_1_251' title='bbox 1009 4248 1141 4325; x_wconf 84' lang='lat' dir='ltr'><strong>credite,</strong></span> <span class='ocrx_word' id='word_1_252' title='bbox 1164 4251 1222 4334; x_wconf 88' lang='lat' dir='ltr'><strong>qui</strong></span> <span class='ocrx_word' id='word_1_253' title='bbox 1254 4249 1410 4315; x_wconf 88' lang='lat' dir='ltr'><strong>novimus</strong></span> 
     </span>
     <span class='ocr_line' id='line_1_35' title="bbox 357 4349 1406 4436; baseline -0.001 -19"><span class='ocrx_word' id='word_1_254' title='bbox 357 4352 501 4419; x_wconf 87' lang='lat' dir='ltr'><strong>hominis</strong></span> <span class='ocrx_word' id='word_1_255' title='bbox 523 4373 639 4428; x_wconf 89' lang='lat' dir='ltr'><strong>mores,</strong></span> <span class='ocrx_word' id='word_1_256' title='bbox 661 4349 719 4436; x_wconf 90' lang='lat' dir='ltr'><strong>qui</strong></span> <span class='ocrx_word' id='word_1_257' title='bbox 751 4350 958 4434; x_wconf 88' lang='lat' dir='ltr'><strong>portavimus</strong></span> <span class='ocrx_word' id='word_1_258' title='bbox 988 4350 1119 4435; x_wconf 90' lang='lat' dir='ltr'><strong>pondus</strong></span> <span class='ocrx_word' id='word_1_259' title='bbox 1141 4349 1207 4415; x_wconf 89' lang='lat' dir='ltr'><strong>diei</strong></span> <span class='ocrx_word' id='word_1_260' title='bbox 1231 4356 1266 4415; x_wconf 87' lang='lat' dir='ltr'><strong>et</strong></span> <span class='ocrx_word' id='word_1_261' title='bbox 1296 4357 1406 4430; x_wconf 78' lang='lat' dir='ltr'><strong>aestus,</strong></span> 
     </span>
    </p>
   </div>
   <div class='ocr_carea' id='block_1_5' title="bbox 389 4542 789 4772">
    <p class='ocr_par' dir='ltr' id='par_1_5' title="bbox 389 4542 789 4772">
     <span class='ocr_line' id='line_1_36' title="bbox 392 4542 789 4607; baseline -0.013 -12"><span class='ocrx_word' id='word_1_262' title='bbox 392 4546 399 4579; x_wconf 91' lang='lat'><strong>¹</strong></span> <span class='ocrx_word' id='word_1_263' title='bbox 420 4546 552 4607; x_wconf 78' lang='lat' dir='ltr'><strong>Dominus,</strong></span> <span class='ocrx_word' id='word_1_264' title='bbox 563 4543 604 4603; x_wconf 80' lang='lat' dir='ltr'><strong>A;</strong></span> <span class='ocrx_word' id='word_1_265' title='bbox 623 4543 706 4601; x_wconf 82' lang='lat' dir='ltr'><strong>Deua,</strong></span> <span class='ocrx_word' id='word_1_266' title='bbox 718 4542 747 4601; x_wconf 89' lang='lat' dir='ltr'><strong>Z,</strong></span> <span class='ocrx_word' id='word_1_267' title='bbox 759 4542 789 4590; x_wconf 70' lang='lat' dir='ltr'><strong>Ia.</strong></span> 
     </span>
     <span class='ocr_line' id='line_1_37' title="bbox 390 4624 601 4684; baseline -0.014 -10"><span class='ocrx_word' id='word_1_268' title='bbox 390 4626 401 4659; x_wconf 78' lang='lat'>²</span> <span class='ocrx_word' id='word_1_269' title='bbox 418 4624 497 4684; x_wconf 83' lang='lat' dir='ltr'><strong>uobis,</strong></span> <span class='ocrx_word' id='word_1_270' title='bbox 508 4639 559 4674; x_wconf 90' lang='lat' dir='ltr'><strong>cm.</strong></span> <span class='ocrx_word' id='word_1_271' title='bbox 572 4624 601 4671; x_wconf 64' lang='lat' dir='ltr'><strong>li.</strong></span> 
     </span>
     <span class='ocr_line' id='line_1_38' title="bbox 389 4702 628 4772; baseline -0.008 -19"><span class='ocrx_word' id='word_1_272' title='bbox 389 4708 400 4740; x_wconf 75' lang='lat' dir='ltr'><strong>l</strong></span> <span class='ocrx_word' id='word_1_273' title='bbox 415 4703 587 4772; x_wconf 72' lang='lat' dir='ltr'><strong>periculosius,</strong></span> <span class='ocrx_word' id='word_1_274' title='bbox 599 4702 628 4751; x_wconf 68' lang='lat' dir='ltr'><strong>Iu</strong></span> 
     </span>
    </p>
   </div>
   <div class='ocr_carea' id='block_1_6' title="bbox 0 0 1644 5662">
    <p class='ocr_par' dir='ltr' id='par_1_6' title="bbox 0 0 1644 5662">
     <span class='ocr_line' id='line_1_39' title="bbox 0 0 1644 5662; baseline 0 5"><span class='ocrx_word' id='word_1_275' title='bbox 0 0 1644 5662; x_wconf 95' lang='lat' dir='ltr'><strong> </strong></span> 
     </span>
    </p>
   </div>
  </div>
 </body>
</html>
