3278 5662
193 1118 255 1182 tyrs

192 1183 316 1235 miracles.

193 2209 272 2258 'l'heir
317 2202 319 2207 ’

193 2276 267 2323 vulne
278 2290 306 2324 as

193 2340 319 2392 evidence.

192 3842 334 3986 modim
362 3947 407 3991 an
441 3924 619 4000 Christum,
644 3924 701 4008 qui
733 3929 785 3987 tot
816 3928 850 3986 et
882 3928 977 3987 tanta
1010 3922 1132 3986 fecerat
1165 3928 1200 3986 et
1221 3947 1242 3986 a
1264 3924 1417 4009 plurimis

193 3911 224 3960 os
231 3909 270 3959 bis

194 3991 325 4055 canoniza-

193 4053 256 4093 uon.

195 4107 310 4170 Orosius,
365 4130 372 4145 ·

194 4174 237 4225 vii.
250 4181 282 4235 43

195 4243 273 4308 Grcg.
285 4243 336 4292 'l'u-

192 4323 247 4358 ron.
260 4307 327 4361 itt.

364 773 429 834 524
805 785 987 834 nrrsroan.
1221 773 1301 857 [An.
1320 775 1416 844 1172.

362 972 514 1056 partein
536 972 696 1057 gaudium
718 973 872 1051 transiit;
906 979 941 1037 et
974 972 1083 1037 luctus
1106 973 1143 1036 in
1166 974 1302 1051 cantica,
1326 974 1418 1040 felici

362 1093 493 1159 prorsus
527 1078 562 1138 et
593 1072 671 1139 heta
705 1074 890 1138 mutatione
928 1095 1103 1140 conversus
1139 1081 1197 1140 est
1243 1076 1416 1161 Siquidem

357 1173 429 1260 jam
452 1173 541 1250 adeo,
576 1174 620 1239 ad
651 1175 842 1240 memoriam
875 1177 1040 1261 martyris,
1069 1176 1222 1241 inaudita
1256 1177 1419 1242 miracula

332 1292 335 1297 ·
361 1276 567 1363 crebuerunt,
601 1283 641 1341 ut
674 1278 702 1340 si
736 1278 819 1342 alius
851 1278 968 1343 audita
1002 1278 1070 1343 illic
1102 1279 1325 1363 provenerint,
1356 1278 1418 1343 vix

360 1383 555 1443 censeantur
588 1378 678 1443 illius
718 1378 883 1444 miraculis
921 1379 1144 1444 adscribenda
1194 1380 1289 1445 Sicut
1326 1380 1417 1445 enim

362 1478 509 1543 inomni
534 1479 723 1544 conditione
753 1479 874 1543 nobilis
907 1481 1037 1545 animus
1072 1481 1204 1546 studuit
1236 1482 1417 1547 conviven-

362 1580 473 1646 tibus1
512 1581 713 1667 praeminerc,
752 1583 799 1647 sie
836 1604 935 1658 nuno,
971 1588 1010 1647 ut
1047 1584 1188 1647 aliorum
1226 1589 1417 1650 sanctorum

361 1705 440 1769 pace
473 1683 624 1759 dixerim,
656 1683 738 1748 alios
770 1685 811 1748 de
845 1685 966 1769 quibus
998 1684 1134 1770 legerim
1166 1684 1221 1750 vel
1252 1686 1416 1751 audierim

361 1787 398 1850 in
419 1784 649 1850 miraculorum
668 1785 873 1850 exhibitione
889 1786 1054 1872 praecedit
1103 1786 1199 1865 Quod
1221 1787 1297 1853 ideo
1319 1787 1418 1854 facile

362 1887 555 1953 crediderim
600 1888 798 1973 provenisse,
844 1894 884 1952 ut
922 1888 1020 1953 fidem
1060 1890 1095 1952 in
1134 1889 1286 1974 pluribus
1324 1891 1415 1956 orbis

361 1991 467 2054 nostri
482 1989 641 2074 partibus,
663 2011 731 2054 non
747 1996 817 2054 tam
835 1990 978 2075 sopitam
1009 2012 1108 2074 quarn
1124 1990 1192 2055 fere
1207 1993 1418 2070 exstinctam,

361 2090 458 2178 piusl
479 2092 633 2157 dominus
655 2094 822 2169 excitaret,
855 2114 946 2177 spem
979 2094 1126 2178 erigeret,
1153 2093 1311 2159 solidaret
1333 2096 1416 2160 cari-

364 2198 475 2268 tatem,
506 2199 540 2258 et
562 2195 749 2259 obstrueret
782 2215 840 2258 ora
874 2194 1071 2278 iniquorum,
1105 2196 1162 2280 qui
1194 2203 1309 2263 sancto
1344 2198 1418 2263 viro

363 2296 582 2362 detrahebant
603 2297 641 2360 in
664 2297 743 2373 vita,
775 2304 809 2361 et
842 2297 917 2360 odio
949 2318 1096 2382 personae
1128 2319 1260 2362 eausam
1286 2298 1414 2364 Christi

362 2399 651 2485 prosequebantur.
700 2399 781 2478 Quis
813 2399 902 2463 enim
939 2398 1057 2463 amodo
1082 2421 1193 2463 veram
1217 2407 1252 2464 ct
1282 2400 1416 2466 fidelem

362 2501 495 2567 dubitet
516 2502 701 2566 doctrinam
726 2498 861 2575 Christi,
883 2500 940 2585 qui
965 2500 1075 2564 verbis
1099 2502 1166 2565 suis
1190 2503 1416 2568 adhaerentem

362 2604 528 2669 hominem
567 2603 662 2667 nobis
700 2606 817 2666 notum
859 2607 956 2667 tanta
998 2602 1159 2668 felicitate
1195 2610 1415 2669 remunerat?

362 2706 444 2787 Quis
478 2726 609 2772 causam
642 2706 741 2769 fuisse
774 2704 931 2789 iniquam,
966 2704 1030 2767 nisi
1053 2705 1283 2783 daemoniacus,
1318 2707 1416 2785 dicet,

363 2830 436 2893 quae
459 2814 635 2893 patronum
658 2828 755 2870 suum
779 2811 876 2871 tanta
898 2814 1033 2871 coronat
1055 2806 1185 2892 gloria?
1232 2808 1418 2875 .l)ubitatur

362 2910 566 2997 aplurimis,
590 2931 634 2974 an
665 2930 740 2995 pars
775 2907 899 2973 domini
932 2929 1036 2994 papae,
1069 2909 1105 2972 in
1127 2930 1194 2994 qua
1217 2916 1352 2989 stamus,
1376 2913 1418 2977 de

357 3013 492 3100 justitia
528 3012 710 3089 niteretur;
755 3011 812 3074 sed
858 3030 929 3073 eam
975 3030 996 3074 a
1041 3009 1176 3074 erimine
1230 3011 1417 3077 schismatis

361 3114 521 3202 gloriosus
544 3117 672 3196 martyr
703 3110 856 3187 absolvit,
890 3110 957 3194 qui,
991 3109 1018 3173 si
1055 3110 1164 3176 fautor
1196 3119 1281 3176 essct
1315 3111 1417 3178 schis-

361 3216 470 3293 matis,
508 3234 715 3298 nequaquam
750 3212 855 3275 tantis
889 3210 1058 3275 miraculis
1092 3219 1287 3278 coruscaret.
1333 3215 1418 3279 Erat

361 3338 503 3401 namque
536 3315 589 3377 vir
624 3318 728 3376 tanta>
763 3312 959 3397 prudentiae,
998 3316 1036 3375 ut
1073 3333 1140 3375 non
1178 3313 1273 3378 facile
1306 3321 1418 3400 posset

362 3440 469 3484 errore
491 3415 697 3501 supplantari
713 3414 749 3476 in
765 3419 860 3478 tanto
878 3412 1023 3498 periculo
1038 3413 1231 3479 animarum.
1272 3416 1416 3481 Mirarer

361 3522 474 3606 itaque
497 3518 753 3603 supramodum
785 3539 844 3583 cur
875 3539 950 3582 enm
984 3517 1136 3581 dominus
1159 3539 1246 3604 papa
1269 3521 1305 3583 in
1328 3527 1417 3585 cata-

361 3623 437 3707 logo
468 3624 677 3704 martyrum³
708 3618 809 3703 recipi
844 3639 911 3683 non
945 3618 1146 3703 praeceperit,
1180 3621 1243 3684 nisi
1279 3622 1358 3706 quia
1380 3623 1417 3686 in

363 3721 588 3789 Ecclesiastico
627 3720 778 3785 Historia
814 3719 932 3805 legisse
969 3742 1021 3784 me
1059 3719 1173 3796 recolo,
1212 3722 1301 3806 quod
1339 3745 1414 3788 eum

363 3825 499 3900 Pilatus,
515 3824 614 3887 missa
632 3823 799 3898 relatione,
816 3820 985 3885 Tiberium
1009 3819 1169 3885 Caesarem
1186 3824 1414 3899 consuluisset,

363 4026 531 4094 colebatur
554 4032 592 4089 ut
615 4024 713 4100 Deus,
737 4023 799 4089 coli
823 4029 989 4109 oporteret
1012 4037 1050 4087 ut
1073 4023 1191 4101 Deum,
1207 4032 1349 4102 senatus,
1372 4029 1416 4093 ab

363 4135 558 4216 imperatore
582 4126 759 4202 consultus,
775 4125 946 4211 respondit
961 4124 1095 4210 quidem
1113 4125 1287 4192 colendum
1310 4128 1413 4195 fuisse

363 4238 402 4298 ut
416 4232 534 4310 Deum,
556 4230 621 4294 nisi
644 4228 723 4313 quia
745 4227 780 4291 id
802 4226 1020 4312 provinciales
1040 4227 1125 4291 citra
1139 4233 1274 4293 senatus
1297 4236 1411 4297 aucto·

361 4336 494 4401 ritatem
519 4334 805 4420 praesumpserant.
852 4329 896 4393 Et
919 4329 1052 4414 quidem
1085 4328 1139 4406 sie,
1163 4336 1249 4396 nutu
1272 4331 1415 4400 faciente

395 4616 403 4647 ¹
421 4610 616 4671 conniventibus,
627 4608 660 4661 L.
944 4607 955 4639 ³
973 4603 1113 4670 catalecton
1150 4606 1285 4674 (omitting
1320 4619 1417 4675 marty.

394 4691 405 4725 ²
421 4691 489 4758 pier,
500 4691 528 4752 Z,
540 4689 580 4751 (ἒς
596 4703 647 4739 onr.
659 4689 689 4738 L.
911 4687 989 4746 rum),
1002 4682 1034 4735 L.
