3278 5662
370 779 435 841 402
810 793 988 844 nrrsrnnn.
1230 779 1313 865 [an.
1329 776 1426 845 1170.

370 978 441 1064 regi
464 984 499 1046 et
521 980 589 1045 suis
621 980 797 1046 suadentes
829 980 1035 1046 concordiam
1067 1002 1169 1068 regno
1201 981 1356 1047 inutilem
1390 987 1425 1046 et

370 1079 599 1148 inhonestam¹
614 1104 692 1160 esse,
715 1082 779 1147 nisi
795 1082 988 1148 donationes
1014 1083 1223 1150 ecclesiarum
1238 1088 1426 1148 nostrarum

372 1205 454 1268 quas
476 1206 536 1250 rex
567 1184 690 1250 fecerat
721 1184 855 1249 stabiles
877 1190 1056 1262 manerent
1089 1190 1124 1252 et
1145 1207 1205 1252 nos
1236 1206 1426 1273 cogeremur

371 1286 466 1373 regni
498 1287 757 1364 consuetudines
792 1307 890 1373 super
912 1287 1033 1372 quibus
1068 1288 1156 1352 inter
1186 1310 1246 1353 nos
1269 1293 1320 1353 est
1352 1292 1425 1353 orta

372 1388 549 1466 contentio,
572 1387 735 1453 firmiter2
757 1388 937 1455 observare.
984 1390 1142 1476 Adeoque
1158 1391 1368 1476 profecerunt
1390 1390 1426 1454 in

372 1491 644 1577 perversitatibus
667 1492 743 1570 suis,
766 1497 813 1570 ut,
837 1514 949 1561 eorum
983 1492 1154 1570 instinctu,
1182 1494 1334 1559 dominus
1366 1515 1425 1558 rex

371 1616 484 1659 omnes
521 1595 648 1661 reditus
679 1601 807 1661 nostros
845 1602 880 1661 et
910 1601 1105 1675 nostrorum,
1130 1600 1206 1682 post
1226 1617 1353 1692 ¹pacem
1388 1596 1424 1661 in

370 1697 454 1761 festo
491 1697 597 1762 beatae
643 1694 782 1762 Marias⁸
820 1696 1026 1783 Magdalenae
1071 1697 1192 1763 factam
1239 1720 1342 1783 usque
1380 1698 1424 1763 ad

370 1799 491 1863 festum
525 1798 640 1864 beati⁴
673 1799 810 1864 Martini
842 1799 1028 1876 abstulerit,
1059 1805 1140 1865 tunc
1175 1799 1307 1864 demum
1329 1800 1425 1865 nobis

369 1900 508 1965 cedens⁵
545 1900 658 1966 domos
703 1921 824 1966 vacuas
861 1906 896 1966 et
933 1900 1050 1966 horrea
1093 1900 1258 1966 demolita
1306 1901 1423 1968 Clerici

201 2002 255 2051 vhe
267 2018 325 2066 pro-
369 2007 482 2066 tamen
497 2003 557 2080 sui,
574 2001 698 2067 scilicet
711 2001 891 2067 (laufridus
907 2001 1021 2067 Ridel⁶
1036 2003 1287 2069 archidiaconus
1302 2008 1422 2080 noster,

202 2069 329 2184 iiim.
370 2111 404 2170 et
426 2103 579 2190 Nigellus
602 2103 643 2169 de
667 2103 862 2182 Saccavilla,
886 2103 969 2169 duas
992 2103 1145 2170 ecclesias
1178 2111 1316 2184 nostras,
1339 2127 1422 2192 quas

201 2201 411 2271 trasemundo
434 2226 534 2270 manu
557 2205 641 2271 laica
674 2210 878 2290 acceperunt,
902 2205 1012 2270 adhuc
1043 2207 1195 2272 detinent
1229 2213 1423 2293 occupatas;

370 2310 404 2372 et
426 2306 496 2392 ipso
519 2306 629 2392 plures
652 2307 794 2373 ecclesiae
816 2312 940 2372 nostrae
963 2307 1191 2393 possessiones,
1215 2329 1298 2393 quas
1320 2330 1354 2374 se
1386 2310 1421 2374 in

256 2443 258 2446 ·
369 2410 459 2495 pacis
496 2409 727 2476 reformatione
765 2411 962 2495 promiserat
998 2409 1215 2488 redditurum,
1254 2411 1349 2476 nobis
1387 2423 1422 2482 et

198 2516 256 2593 'tho
368 2512 510 2578 eeclesia
540 2518 662 2578 nostrae
699 2509 856 2577 reddere⁷
893 2511 1097 2589 contradicit,
1139 2518 1174 2578 et
1209 2511 1288 2578 licet
1324 2513 1423 2579 aliter

198 2585 305 2699 {effi
367 2635 467 2699 quam
499 2614 608 2700 ipsum
642 2615 779 2691 deceret,
814 2619 929 2680 contra
962 2619 1060 2700 pacta
1090 2635 1151 2679 sua
1184 2616 1238 2699 (ut
1269 2615 1421 2700 pluribus

366 2720 483 2780 notum
506 2716 571 2799 ost)
596 2720 789 2781 versaretur.
849 2715 920 2781 Nos
957 2721 1069 2782 tamen
1111 2716 1257 2782 enormia
1300 2717 1422 2784 damna

365 2817 509 2882 ecclesiae
532 2823 567 2882 et
600 2816 826 2903 irreparabilia
848 2817 1010 2896 videntes,
1033 2823 1068 2882 et
1091 2822 1313 2900 praecaventes
1345 2840 1419 2904 gra·

365 2919 469 2998 viora,
503 2916 638 2984 vestro⁸
675 2923 710 2982 et
748 2917 957 2983 dominorum
994 2918 1211 2984 cardinalium
1250 2925 1419 3003 praecunte

366 3022 510 3099 consilio,
533 3022 576 3087 ad
592 3022 759 3088 ecclesiam
774 3016 923 3087 nostram
946 3021 1122 3086 laceratam
1145 3026 1179 3086 et
1194 3021 1417 3087 conculcatam

367 3124 498 3191 rcdire⁹
532 3123 745 3201 decrevimus,
780 3128 828 3202 ut,
853 3123 881 3188 si
905 3145 976 3188 eam
999 3142 1067 3188 non
1100 3143 1268 3210 possamus
1295 3124 1419 3210 erigere

365 3233 400 3293 et
430 3227 616 3304 reformare,
638 3225 755 3291 saltem
790 3247 866 3290 cum
889 3225 961 3310 ipsa
992 3232 1168 3310 pereuntes
1199 3225 1419 3291 confidentius

367 3351 426 3415 pro
449 3329 522 3414 ipsa
547 3332 724 3412 presentes
758 3327 912 3412 spiritum
946 3327 1165 3393 redderemus.
1213 3327 1309 3408 Quod
1343 3347 1417 3392 cum

361 3432 411 3497 illi
434 3429 561 3497 inimici
572 3427 598 3470 ¹⁰
631 3429 737 3494 nostri
773 3429 895 3495 certius
929 3428 1129 3508 didicissent,
1152 3429 1344 3516 ambiguum
1368 3436 1419 3495 est

362 3533 443 3619 quid
465 3532 574 3610 veriti,
608 3531 781 3599 consilium
816 3531 964 3596 inierunt
995 3552 1070 3597 cum
1102 3530 1297 3597 officialibus
1329 3533 1416 3619 regis

361 3640 395 3700 et
440 3635 688 3701 sceleratissimo
725 3633 783 3699 illo
820 3632 890 3698 filio
927 3633 1124 3720 perditionis
1162 3633 1329 3700 Randulfo
1375 3636 1415 3701 de

360 3737 475 3815 Erech,
499 3736 557 3823 qui
572 3737 608 3801 in
624 3735 791 3802 ecclesiam
806 3735 879 3813 Dei,
895 3735 1034 3820 publicae
1047 3734 1253 3820 potestatis¹¹
1277 3736 1417 3803 abutens

359 3838 521 3917 viribus,¹²
547 3839 619 3925 jam
653 3860 712 3925 per
734 3842 861 3923 septem
886 3857 990 3902 annos
1018 3836 1173 3902 licentius
1196 3837 1416 3903 debacchatus

359 3947 416 4006 est.
462 3942 690 4007 Decreverunt
704 3960 781 4026 ergo
804 3944 845 4004 ut
866 3945 994 4004 armata
1015 3936 1154 4004 manu¹³
1176 3944 1291 4025 portus
1306 3941 1416 4022 maris,

390 4173 399 4206 ¹
416 4172 443 4223 in
454 4171 616 4226 beneolacem,
625 4169 660 4221 V.
943 4169 953 4201 Β
970 4175 1062 4230 vestro,
1075 4169 1105 4231 G,
1119 4170 1155 4229 2;
1174 4177 1267 4231 nostro,
1278 4169 1308 4221 L.

389 4251 400 4286 ²
410 4247 630 4318 fimiter,om.1a
943 4247 953 4281 ⁹
970 4248 1062 4308 redire,
1073 4265 1124 4300 orn.
1137 4247 1171 4300 L.

388 4331 520 4393 ’Μανίῳ
531 4330 566 4392 Δ,
577 4327 656 4391 0,Ζ;
675 4341 725 4381 om.
737 4326 767 4390 Ο,
778 4328 809 4379 L.
943 4327 963 4360 ¹⁰
980 4329 1062 4389 amici,
1091 4329 1128 4390 03
1156 4327 1305 4390 naamam
1340 4331 1416 4380 amici

388 4411 399 4443 ⁴
415 4409 507 4470 sancti,
520 4408 550 4460 C.
908 4422 972 4459 corr.
984 4415 1011 4458 to
1022 4407 1124 4468 inimici,
1136 4408 1162 4458 A
1169 4428 1176 4468 ;
1194 4406 1271 4457 amici
1282 4405 1332 4469 illi,
1343 4407 1372 4459 Z.

386 4489 397 4522 ⁸
414 4483 743 4551 numentanorum
756 4500 856 4538 correc-
942 4483 960 4518 ¹¹
974 4486 1116 4550 potestatis,
1128 4501 1179 4537 om.
1192 4485 1223 4538 0.

353 4568 415 4631 tion,
426 4569 449 4622 0
462 4589 469 4629 ς
487 4566 633 4630 concedens,
643 4564 673 4615 Z.
942 4563 962 4597 ¹²
977 4562 1084 4625 viritas,
1095 4564 1130 4625 A,
1142 4565 1179 4626 Z;
1194 4562 1346 4628 imbua'Ia.

386 4647 398 4681 ⁸
413 4645 500 4709 Ridet,
510 4662 561 4698 om.
573 4644 602 4696 Z.
941 4640 961 4677 ¹⁸
978 4658 1062 4703 arona,
1075 4641 1105 4703 C,
1118 4641 1150 4703 0,
1162 4643 1204 4712 A,-
1220 4659 1315 4708 manu,
1326 4645 1357 4695 L.

385 4721 790 4785 ²s0oa...raodere,om.t.
