3278 5662
275 779 341 833 an.
358 765 471 854 1170.]
718 782 898 832 samsona.
1260 771 1328 839 207

276 963 479 1051 plurimum¹
513 965 667 1052 expedire
698 966 933 1053 cognoscimus,
967 966 1201 1053 significamus,
1224 968 1326 1034 subli-

276 1066 440 1148 mitatem}
456 1072 551 1132 tuam
581 1070 734 1153 rogantes
756 1067 921 1132 attentius
946 1073 980 1132 et
1014 1074 1194 1145 monentes,
1217 1072 1265 1148 ut,
1297 1069 1326 1133 si

276 1164 425 1251 aliquid2
447 1167 637 1232 addendum
659 1166 761 1232 fuerit
784 1168 837 1233 vel
861 1169 1067 1245 mutandum,
1091 1169 1154 1236 hoc
1176 1169 1219 1235 ad
1241 1190 1328 1236 eom·

277 1269 494 1335 monitionem
517 1269 661 1349 illorum,
684 1292 743 1356 pro
758 1290 867 1335 amors
892 1271 956 1336 Dei
979 1276 1014 1335 et
1036 1277 1157 1349 nostro,
1182 1272 1231 1337 ita
1253 1292 1324 1339 cor·

277 1373 365 1460 rigas
388 1379 423 1439 et
445 1373 597 1438 emendes
609 1397 617 1453 3
640 1378 675 1438 et
697 1393 736 1439 ea
758 1394 832 1458 quae
856 1373 918 1438 tibi
942 1395 984 1438 ex
1006 1380 1101 1459 parte
1124 1381 1237 1440 nostra
1252 1395 1327 1460 pro·

277 1480 402 1561 ponent
424 1475 484 1540 tali
507 1475 605 1541 modo
628 1474 795 1552 exaudias,
819 1480 854 1540 et
875 1495 989 1540 aurem
1012 1476 1206 1543 benevolam
1233 1477 1328 1543 adhi-

278 1576 359 1641 bens
381 1576 431 1643 ita
452 1575 625 1643 efficaciter
650 1576 795 1661 digneris
826 1576 971 1663 implere,
996 1578 1084 1662 quod
1116 1579 1324 1666 omnipotens

278 1677 441 1743 Dominus
463 1684 498 1742 et
528 1678 709 1744 misericors
744 1697 856 1743 veram
891 1677 955 1743 tibi
977 1683 1012 1743 et
1043 1678 1228 1745 haeredibus
1260 1681 1328 1745 tuis

277 1798 390 1862 pacem
413 1779 579 1857 concedat,
602 1784 638 1843 et
658 1778 763 1843 honor
777 1779 854 1842 inde
877 1779 986 1864 regius
1002 1779 1206 1846 multimodis
1228 1780 1331 1847 adau-

278 1887 405 1966 geatur,
427 1902 465 1948 ae
489 1887 527 1945 tu
551 1879 740 1946 indeficiens
762 1885 896 1967 propter
922 1880 984 1948 hoc
1006 1903 1027 1947 a
1050 1882 1122 1948 Deo
1144 1883 1326 1969 praemium,

279 1987 314 2046 et
335 1982 371 2045 in
393 1988 570 2068 conspeetu
592 1982 763 2047 hominum
787 1982 917 2047 laudem
941 1989 975 2048 et
996 1983 1136 2069 gloriam
1158 2005 1227 2050 non
1257 2006 1326 2052 mo·

280 2083 395 2161 dicam,
418 2084 538 2150 debeas
571 2088 747 2171 reportare.
792 2083 947 2152 Praedicti
980 2084 1144 2171 siquidem
1166 2086 1326 2174 archiepi-

278 2207 395 2272 scopus
427 2193 462 2252 et
493 2184 685 2273 episeopus,³
707 2192 797 2254 certa
818 2206 875 2271 spe
898 2187 938 2252 de
970 2206 1050 2273 pace
1073 2195 1107 2253 et
1140 2189 1328 2257 reconcilia·

279 2286 371 2352 tione
393 2295 559 2374 concepta,
581 2288 655 2353 illos
679 2289 736 2375 qui
762 2288 887 2354 fuerint
916 2288 1109 2356 absolvendi
1142 2312 1329 2359 excommu-

280 2389 405 2454 nicatos
437 2388 620 2467 absolvent,
644 2390 692 2455 ita
725 2389 857 2476 quidem
889 2391 978 2476 quod
1011 2392 1040 2455 si
1071 2412 1147 2477 pax,
1179 2390 1323 2461 Domino

278 2490 442 2575 faciente,⁴
463 2498 629 2578 sequatur,
651 2490 781 2557 nullum
812 2492 954 2569 honoris,
977 2492 1110 2571 ordinis,
1133 2499 1193 2560 aut
1227 2494 1326 2564 officii

280 2593 353 2659 sui³
382 2594 573 2682 periculum,
601 2594 672 2660 sive
703 2594 850 2680 aliquam
882 2594 1028 2660 infamiae
1062 2600 1185 2676 notam,
1209 2617 1270 2682 pro
1292 2619 1330 2664 eo

281 2697 369 2780 quod
391 2695 666 2763 excommunicati
688 2695 830 2774 fuerant,
845 2695 988 2762 debeant
1001 2697 1172 2763 sustinere.
1209 2697 1329 2767 Archi·

278 2796 467 2882 episcopum
490 2797 579 2861 enim
601 2797 644 2862 ad
674 2817 786 2881 pacem
817 2796 1061 2882 suscipiendam
1093 2797 1252 2864 inducent
1275 2821 1317 2865 ex

281 2904 374 2985 parte
396 2905 516 2976 nostra,
540 2900 625 2964 etsi
655 2899 691 2963 iu
725 2899 836 2984 aliquo
864 2899 994 2984 justum
1027 2904 1153 2966 metum
1185 2906 1326 2987 praeten-

278 3000 375 3077 derit,
408 3007 442 3066 te
475 3001 519 3067 ad
551 3022 626 3066 eum
659 3000 843 3067 tollendum
873 3000 1049 3068 sollicitius
1083 3000 1266 3081 admonere,
1289 3009 1325 3070 et

280 3102 494 3181 multimodis,
517 3126 558 3169 ex
591 3109 685 3189 parte
715 3103 779 3168 Dei
801 3108 836 3168 et
865 3108 987 3180 nostra,
1010 3103 1054 3167 ad
1086 3125 1125 3171 ea
1157 3127 1232 3191 quas
1255 3106 1319 3172 tibi

281 3226 339 3291 per
384 3226 439 3271 eos
481 3204 703 3292 significamus
740 3205 909 3292 implenda
945 3204 1106 3272 inclinare
1145 3207 1321 3274 debebunt.

282 3307 404 3372 Verum
431 3307 458 3372 si
481 3328 549 3395 pax
577 3308 680 3393 (quod
710 3306 824 3373 Deus⁷
846 3309 1011 3393 avertatl)
1045 3309 1222 3376 subsecuta
1254 3331 1322 3378 non

280 3409 389 3487 fuerit,
424 3413 460 3474 et
496 3409 546 3472 illi
584 3409 642 3494 qui
675 3429 710 3474 se
740 3409 920 3495 appellasse
953 3417 1144 3497 proponunt
1175 3411 1319 3498 appella-

280 3510 403 3575 tionem
426 3507 542 3575 suams
565 3510 723 3576 duxerint
748 3511 1017 3596 prosequendam,
1039 3532 1100 3577 nos
1131 3532 1244 3577 eorum
1274 3534 1327 3580 ra-

280 3612 385 3678 tiones
407 3633 507 3698 super
537 3611 599 3678 hoc
631 3611 824 3698 diligentius
856 3612 1036 3690 audiemus,
1060 3619 1094 3679 et
1125 3633 1224 3681 causa
1246 3635 1320 3703 cog·

279 3715 360 3790 nita,
383 3714 564 3780 secundum
587 3713 676 3799 quod
691 3713 780 3779 Deus
803 3712 899 3779 nobis
921 3714 1213 3795 administraverit,
1231 3716 1323 3801 judi-

280 3814 434 3882 cabimus.
504 3814 569 3896 Qui
616 3815 733 3900 utique
777 3815 813 3878 in
858 3814 1019 3901 proximis
1057 3817 1182 3882 octavis
1229 3816 1319 3884 beati

279 3916 458 3997 Michaelis,
481 3917 553 3982 sivo
576 3917 612 3981 in
644 3916 795 4002 proximo
829 3916 912 3983 festo
936 3917 1042 3984 sancti
1065 3918 1172 3998 Lucus,
1206 3919 1318 4006 appel-

317 4169 482 4235 1ρὶιινίηιιυιι,
495 4170 533 4231 Ο;
552 4186 601 4221 om.
614 4170 644 4220 L.
869 4170 879 4201 ⁴
889 4170 1004 4233 saccale,
1027 4170 1056 4232 Z,
1077 4168 1138 4220 with
1166 4169 1206 4220 uel
1219 4171 1338 4237 faciente

316 4262 327 4295 ²
343 4261 450 4327 aliquid,
463 4262 506 4324 A?
524 4261 591 4327 quid,
602 4262 633 4313 L,
835 4247 918 4357 intprl.
932 4327 937 4338 Ι

316 4367 523 4435 aarcdiepiscopi
550 4375 575 4418 et
600 4368 718 4433 episcopi,
741 4366 783 4425 A3
869 4342 947 4468 ⁶3:2⁸³:
958 4325 1195 4472 ἶθόἳοηποῖὶὶ
1215 4427 1256 4461 m
1275 4413 1337 4466 with

282 4459 485 4526 anticamera-⁵
502 4465 525 4511 οἱ
543 4460 662 4526 criseas
677 4458 717 4523 0⁵
739 4474 783 4509 “r-
836 4483 875 4535 a!
886 4500 929 4534 „a
940 4484 1032 4549 interr,
1043 4486 1072 4536 z.

280 4551 361 4617 ὠέῳ.
375 4551 581 4617 Rotdomapensis
597 4558 621 4602 et
639 4552 780 4623 episeopus,
869 4563 880 4600 1
900 4564 1031 4627 mma,
1042 4565 1071 4616 Ζ,

283 4646 312 4697 Ζ,
869 4640 880 4674 ⁸
897 4657 976 4708 moa,
987 4657 1037 4695 om.
1050 4645 1081 4697 L.
