3278 5662
357 733 420 796 536
797 739 975 787 srrsronn.
1216 721 1296 805 [nn.
1315 718 1417 788 1172.

357 929 414 1014 qui
438 950 472 993 se
496 928 612 992 dicunt
634 927 724 991 illius
747 926 852 991 sancti
868 925 933 988 viri
957 929 990 989 et
1013 945 1148 989 suorum
1170 929 1246 1010 post
1268 928 1416 987 mortem

357 1031 429 1115 ejus
464 1050 638 1113 occupasse
671 1027 783 1112 spolia,
807 1027 835 1090 si
867 1025 915 1089 nil
947 1024 1040 1090 aliud
1070 1025 1108 1088 in
1139 1029 1235 1089 tanto
1266 1023 1418 1089 facinore

358 1128 604 1206 commiserint‚¹
639 1151 659 1195 a
696 1150 798 1214 poena
836 1128 952 1192 mortis
991 1127 1062 1211 ejus
1099 1127 1302 1192 arbitramur
1343 1146 1418 1190 esse

358 1233 541 1310 immunes,
570 1230 627 1295 sod
651 1252 726 1316 quae
757 1235 1010 1314 occupaverunt,
1033 1228 1081 1293 eis
1104 1248 1244 1314 quorum
1271 1226 1416 1293 fuerunt

358 1334 520 1398 tenentur
540 1332 575 1395 in
608 1332 776 1417 integrum
807 1331 989 1407 restituere,
1012 1330 1041 1394 si
1064 1329 1191 1395 habent
1212 1330 1249 1394 in
1272 1328 1418 1395 faculta-

361 1436 450 1499 tibus
474 1433 562 1498 unde
586 1454 625 1498 ca
647 1433 783 1497 reddere
800 1432 937 1517 possint,
960 1437 995 1496 et
1016 1431 1107 1517 ipsis,
1132 1453 1175 1496 ex
1198 1431 1268 1508 hoc,
1290 1430 1417 1517 poena,i

361 1536 533 1600 moderata
555 1539 678 1610 tamen,
699 1537 750 1598 est
772 1531 957 1597 indicenda.
1004 1531 1091 1612 Quia
1112 1531 1191 1597 licet
1213 1532 1350 1617 quidam
1372 1553 1418 1596 ox

361 1637 415 1701 his
438 1658 476 1701 ea
499 1657 573 1721 quae
595 1640 799 1719 occuparunt
829 1655 864 1698 se
887 1631 1080 1698 fateantur³
1113 1633 1314 1719 pauperibus
1345 1654 1418 1698 ero·

363 1759 465 1824 gesse,
488 1757 556 1801 non
579 1741 691 1800 tamen
714 1735 839 1800 alienas
862 1756 922 1812 res,
947 1757 1020 1800 cum
1046 1735 1133 1821 ipsas
1157 1735 1346 1821 potuissent
1368 1735 1419 1800 eis

365 1860 504 1924 quorum
535 1837 660 1901 suerint
689 1837 873 1913 restituere,
897 1837 1084 1902 debuerunt
1114 1837 1314 1923 pauperibus
1346 1857 1419 1902 ero·

365 1961 452 2026 gare.
497 1938 553 2002 Illi
577 1959 655 2003 vero
679 1939 737 2023 qui
760 1938 829 2003 sola
853 1938 1212 2002 excommunicatorum
1239 1937 1421 2023 participa·

365 2041 456 2105 tione
495 2061 528 2104 se
561 2060 633 2104 reos
668 2061 738 2104 esse
775 2044 983 2124 cognoscunt,
1016 2039 1222 2105 considerata
1259 2038 1421 2124 temporis

364 2143 479 2217 rnora,4
510 2162 575 2226 quo
607 2141 643 2204 in
666 2141 783 2220 eadem,
809 2140 960 2223 nequitia
990 2141 1221 2225 perdurarunt,
1245 2147 1281 2206 et
1307 2141 1420 2226 inqui·

366 2245 430 2309 sito
453 2243 555 2308 etiam
578 2242 606 2306 si
629 2242 676 2307 eis
700 2241 818 2306 timore
834 2240 887 2305 vel
905 2241 1078 2307 affectione
1102 2241 1421 2307 communicaverint

365 2347 507 2410 scienter
521 2344 576 2410 vel
598 2345 799 2430 ignoranter,
822 2343 1002 2407 secundum
1030 2342 1098 2421 hoo,
1115 2342 1234 2429 poena⁶
1257 2347 1310 2408 est
1332 2343 1420 2408 indi·

365 2447 477 2513 canda.

411 2548 555 2614 Clericos
593 2551 704 2610 autem
744 2565 825 2631 quos
864 2551 995 2611 constat
1039 2552 1183 2611 armatos
1229 2546 1422 2612 interfuisse

368 2657 463 2716 tanto
498 2649 646 2725 facinori,
679 2653 713 2712 ot
750 2647 824 2713 illos
859 2649 959 2713 etiam
991 2647 1125 2715 clericos
1156 2633 1214 2735 qui
1246 2649 1422 2714 oonsssium

369 2752 453 2817 illud
484 2751 647 2815 dederunt
681 2754 721 2814 ut
752 2750 840 2814 idem
874 2747 948 2812 vir⁶
979 2754 1113 2815 sanctus
1144 2760 1326 2836 caperetur,
1349 2772 1424 2837 per·

370 2860 471 2940 petuo
510 2873 578 2917 non
613 2851 720 2916 solum
759 2850 801 2916 ab
837 2851 952 2916 altaris
989 2852 1174 2916 ministerio
1212 2852 1424 2938 deponendos

371 2978 441 3021 esse
473 2976 652 3031 censemus
676 2953 733 3018 sed
763 2954 820 3027 ita,
845 2953 955 3031 etiarn,
980 2954 1068 3038 quod
1098 2954 1134 3018 in
1157 2953 1300 3020 ecclesiis
1329 2954 1424 3019 nullo

371 3079 516 3142 unquam
542 3054 712 3141 temporo⁷
744 3056 900 3120 lectiones
924 3056 1045 3139 legant,
1069 3054 1122 3119 vel
1153 3055 1358 3141 responsaria
1388 3057 1425 3120 in

371 3160 473 3225 chord
492 3158 669 3243 separatim
693 3162 837 3233 cantent,
854 3157 910 3221 sod
934 3157 969 3219 in
992 3156 1127 3240 psalmis
1147 3157 1236 3242 apud
1258 3157 1367 3222 Deum
1384 3158 1426 3222 de

372 3261 544 3326 commisso
568 3259 700 3323 veniam
724 3264 880 3343 satagant
903 3257 1085 3342 implorare.
1147 3258 1288 3343 Insuper
1309 3263 1422 3324 autem

372 3361 481 3426 clerici
504 3361 569 3445 ipsi
592 3360 628 3422 in
645 3359 796 3424 districto
818 3358 959 3423 claustro
975 3358 1207 3423 monachorum
1223 3360 1277 3424 vel
1292 3362 1426 3425 canoni-

373 3483 484 3527 corum
516 3459 725 3544 regularium,
748 3460 776 3522 si
802 3458 874 3523 fieri
905 3465 1022 3544 potest,
1046 3466 1125 3525 sunt
1156 3460 1353 3538 recludendi,
1377 3462 1427 3528 ita

374 3562 506 3646 quidem
532 3560 621 3644 quod
645 3581 747 3644 usque
778 3560 821 3624 ad
851 3561 1059 3645 septennium
1084 3560 1137 3626 vel
1160 3562 1426 3647 quinquennium

376 3663 518 3728 debeant
540 3661 583 3727 ab
605 3661 813 3727 ecclesiarum
837 3661 978 3727 introitu
1000 3661 1161 3728 coerceri.⁸

703 3811 771 3816 --.
796 3809 973 3817 —----...-..
1014 3813 1068 3818 ..-
1120 3812 1175 3817 —..

410 3880 417 3912 ¹
436 3880 608 3939 conamus-irat,
631 3880 651 3928 Z
663 3901 669 3939 ;
698 3883 876 3942 commiserant,
960 3882 970 3918 ⁷
987 3880 1055 3931 trullo
1068 3897 1174 3946 nuquam
1186 3889 1300 3948 recipcre,
1310 3884 1346 3943 Z3
1359 3884 1430 3936 nullo

377 3961 409 4011 G.
931 3960 1025 4027 [modo]
1041 3977 1146 4024 nnqrrunr
1157 3962 1214 4027 ipsi,
1227 3964 1259 4013 G.

410 4038 420 4070 ‘²
434 4038 592 4102 pandonia,
604 4039 642 4098 G;
658 4055 732 4102 penu,
745 4040 774 4088 Z.
961 4039 971 4070 ³
990 4040 1060 4090 Herc
1072 4040 1115 4090 tho
1127 4056 1192 4104 copy
1204 4041 1231 4088 iu
1244 4042 1264 4090 Z
1279 4041 1372 4092 breaks
1383 4045 1429 4094 off.

410 4116 577 4182 ³flrrearrtur,
591 4118 627 4177 Z;
637 4119 768 4182 fatertur,
780 4118 811 4169 G.
928 4118 982 4167 The
999 4117 1140 4168 rcmaindor
1159 4118 1188 4168 of
1206 4119 1248 4169 the
1266 4119 1339 4170 letter
1358 4123 1430 4171 drale

412 4198 421 4226 ⁴
438 4212 517 4255 mora,
529 4195 564 4254 Z;
582 4196 730 4258 quantitate,
743 4195 775 4245 G.
929 4197 988 4246 with
1001 4197 1130 4262 questions
1142 4214 1170 4248 aa
1187 4207 1213 4248 to
1223 4200 1306 4249 clerks
1318 4200 1430 4267 striking

411 4277 421 4307 ⁵
437 4275 592 4340 poenr'rerrtr'n,
605 4271 645 4332 (ὴ
660 4291 744 4338 prena,
757 4276 786 4323 Ζ,
929 4278 990 4326 each
1003 4277 1076 4327 other
1087 4279 1139 4327 aud
1156 4277 1229 4327 other
1240 4277 1303 4328 such
1315 4286 1430 4331 matters.

411 4355 421 4383 ⁶
440 4354 478 4402 vel
490 4361 592 4402 soricius·
604 4355 652 4413 vir,
665 4352 748 4403 interl.
761 4354 781 4402 Z
800 4359 841 4414 (ns
859 4354 881 4402 if

378 4431 498 4497 omitting
510 4431 597 4491 idem).
