3278 5662
369 807 388 865 2
802 821 978 870 amenius.
1220 806 1302 888 [sn.
1322 806 1417 867 uos.

369 1011 568 1076 sententiam
604 1011 707 1096 ipsam
742 1011 921 1095 suspendas
945 1031 1114 1095 quousque
1139 1031 1180 1073 ex
1204 1005 1416 1093 responsione

369 1113 560 1177 nuntiorum
592 1118 777 1176 nostrorum
809 1133 983 1197 cognoscas
1006 1133 1049 1176 an
1084 1111 1170 1176 idem
1211 1131 1270 1174 rex
1293 1115 1327 1172 te
1350 1106 1416 1171 sibi

370 1213 576 1279 reconciliare
600 1215 689 1290 velit,
713 1215 813 1278 etad
837 1214 1004 1279 ecelesiam
1029 1220 1131 1290 tuam,
1155 1213 1241 1278 sicut
1264 1211 1358 1276 deoet
1380 1215 1415 1273 et

368 1315 463 1379 nobis
493 1337 566 1400 spes
598 1315 683 1380 faeta
717 1323 776 1392 est,
800 1337 960 1381 revocare.
1006 1316 1109 1397 Decet
1131 1317 1220 1380 enim
1243 1332 1302 1378 nos
1325 1318 1360 1377 et
1383 1317 1416 1374 te

370 1416 486 1503 ipsum,
508 1424 547 1481 ut
570 1418 612 1481 ad
635 1417 863 1482 emolliendam
880 1417 1131 1483 austeritatem¹
1156 1417 1260 1503 ipsius
1284 1414 1414 1479 duobus

370 1519 420 1583 vel
446 1519 551 1583 tribus
584 1519 750 1584 mensibus
773 1526 1008 1606 exspectemus,
1031 1526 1066 1584 et
1088 1519 1137 1584 ita
1159 1518 1319 1584 duritiam
1343 1517 1414 1601 ejus

370 1620 404 1683 in
428 1621 629 1707 benignitate
653 1629 687 1686 et
718 1623 970 1687 mansuetudine
1004 1622 1189 1698 toleremus,
1212 1620 1300 1706 quod
1322 1618 1416 1683 nullo

369 1721 397 1783 oi
423 1743 587 1787 remanere
619 1723 722 1808 possit
753 1723 887 1799 occasio,
918 1744 982 1808 qua
1017 1723 1135 1787 debeat
1166 1723 1256 1808 pasis
1279 1726 1314 1785 et
1337 1740 1413 1784 oon·

368 1823 487 1889 cordiae
510 1824 631 1889 bonum
656 1826 742 1890 inter
773 1831 806 1890 te
830 1831 864 1890 et
888 1827 995 1911 ipsum
1019 1825 1265 1910 quomodolibet
1288 1843 1413 1909 praepe-

369 1925 438 1992 diri.
486 1926 571 1991 Sane
595 1928 621 1990 si
646 1927 780 1992 oonsilio
815 1933 849 1993 et
882 1927 1030 1993 hortatui
1054 1934 1166 1992 nostro
1189 1948 1256 1991 non
1280 1925 1415 1990 duxeris

368 2031 647 2115 acquiescendum,
680 2039 715 2097 et
759 2054 810 2095 res
843 2053 909 2095 non
946 2031 1139 2117 processerit
1176 2031 1278 2115 juxta
1326 2028 1412 2092 desi-

369 2132 496 2197 derium
534 2139 568 2198 et
605 2133 856 2199 aestimationem
896 2139 997 2207 tuam,
1035 2133 1092 2197 sed
1131 2131 1167 2195 in
1204 2129 1415 2205 eontrarium,

369 2234 471 2320 (quod
504 2240 635 2300 avertet
666 2235 842 2320 Dominus)
876 2235 1018 2312 cesserit,
1042 2232 1130 2299 tibi²
1152 2240 1186 2300 et
1217 2255 1284 2297 nou
1318 2231 1414 2295 nobis

368 2336 530 2421 imputare
562 2335 702 2401 debebis.
750 2336 973 2402 Veruntamen
1006 2337 1034 2399 si
1066 2335 1111 2400 ad
1145 2333 1413 2401 exhortationem

368 2444 514 2503 nostram
537 2444 571 2503 et
593 2439 837 2526 suggestionem
860 2439 1054 2504 nuntiorum
1071 2443 1259 2503 nostrorum
1284 2441 1412 2500 senten·
1445 2499 1449 2506 ,

368 2539 449 2603 tiam
471 2539 687 2626 suspenderis,
721 2547 756 2606 et
787 2563 846 2606 rex
869 2542 904 2605 in
937 2563 997 2606 sua
1031 2540 1156 2606 duritie
1179 2547 1213 2605 et
1236 2539 1412 2604 severitate

367 2646 557 2731 perstiterit,
574 2651 750 2732 autequam
767 2648 867 2713 iidem
883 2648 994 2712 nuntii
1011 2669 1031 2712 a
1054 2653 1087 2711 te
1104 2646 1313 2722 1·eoeda1it,si
1331 2641 1417 2708 tibi3

367 2747 493 2812 consilii
516 2747 619 2814 luerit
641 2755 676 2813 et
706 2749 898 2826 voluntatis,
930 2749 1130 2815 sententiam
1154 2749 1259 2834 ipsam
1280 2745 1413 2841 indubi-

365 2857 476 2917 tenter
498 2853 620 2937 poteris
643 2875 812 2928 revocare;
837 2853 947 2939 quod*
969 2855 996 2917 si
1020 2853 1143 2930 feceris,
1159 2853 1254 2916 nobis
1278 2852 1412 2916 minime

365 2953 572 3040 displicebit:
605 2956 705 3019 immo
740 2955 811 3031 tibi,
849 2957 1029 3020 seeundum
1068 2954 1154 3040 quod
1191 2954 1347 3028 decuerit,
1391 2973 1412 3015 n

365 3055 458 3119 nobis
481 3055 652 3120 eonsilium
684 3064 718 3121 et
740 3056 905 3121 auxilium
929 3057 1103 3122 tribuetur.
1154 3058 1280 3120 Datum
1306 3055 1408 3118 Beue-

365 3156 467 3236 venti,
491 3157 573 3222 xiii.l
596 3156 747 3221 kalendis
771 3157 863 3222 Julii.

807 3470 983 3539 DXXXII.

424 3612 662 3677 ansuurmn
686 3612 881 3677 Exosmusr
905 3628 1168 3676 snosmmooso
1190 3612 1350 3676 Josusss

737 3714 1037 3779 Ssunsnnnrussrs

539 3852 585 3913 (o.
603 3851 628 3902 u.
644 3856 705 3908 ηις
725 3850 752 3901 z.
765 3850 798 3901 iu.
817 3855 831 3901 s
842 3871 849 3910 ;
867 3850 933 3914 nup.
947 3850 981 3901 si.
995 3856 1025 3910 ⁵;
1044 3852 1086 3902 ro.
1100 3852 1156 3903 aar.
1168 3855 1241 3910 ossii

197 3975 326 4027 interview
404 3959 596 4036 Excussus⁷
641 3969 780 4055 propriis
817 3968 925 4034 aliena
961 3969 1115 4056 negotial
1152 3990 1277 4046 curans,
1315 3970 1406 4054 quasi

194 4040 329 4093 withliru-
627 4071 634 4085 .
699 4071 705 4086 .
984 4072 991 4086 ,
1204 4072 1248 4086 „
1301 4071 1308 4086 ,
1384 4071 1392 4086 ,

194 4106 246 4157 tien
258 4111 306 4161 md
361 4094 435 4138 eum
476 4071 770 4138 Cantuamensrbua
800 4076 860 4135 aut
882 4071 1010 4136 aemulis
1033 4093 1145 4136 eorum
1168 4071 1251 4135 mrlu
1283 4078 1327 4135 sit
1349 4070 1408 4136 ah-

192 4172 301 4291 tim.
378 4198 1431 4320 ‘sitm.'maian‘{ariminensem}se.⁸

357 4317 462 4375 ritatem,
473 4315 503 4363 L.
908 4311 1026 4362 tieoiorneo
1047 4352 1049 4356 .
1068 4348 1075 4363 .
1094 4350 1100 4361 .
1117 4312 1227 4375 archid,
1238 4313 1269 4363 L.

391 4394 402 4427 ²
420 4392 474 4451 tibi,
485 4408 535 4442 om.
547 4391 590 4451 v;
610 4390 637 4439 id
647 4391 686 4440 lor
697 4391 744 4440 titi
755 4398 788 4452 et,
803 4391 834 4441 L.
939 4390 951 4430 ἲ
969 4429 974 4441 .
994 4429 1000 4440 .
1020 4429 1026 4441 .
1044 4397 1050 4421 ¹
1070 4392 1152 4441 alienu
1163 4391 1345 4458 negotiantum

391 4469 578 4532 ¹tr'tr‘,rt,0;
597 4470 643 4528 tui,
655 4469 684 4518 L.
905 4472 1066 4522 “llxoussus
1091 4470 1225 4535 propriis⁸⁹
1260 4471 1324 4520 Hor.
1351 4471 1405 4521 Sat.

391 4547 588 4612 *quomam
605 4548 793 4611 qoia‚0‚Lb*.
906 4549 942 4599 11.
954 4549 989 4598 iii.
1003 4555 1090 4599 lu-nu.
1127 4549 1301 4608 Esuussisdi.

390 4627 400 4659 ⁶
417 4627 481 4686 xiie,
493 4641 545 4675 orn.
555 4626 586 4676 L.
939 4629 950 4658 ⁸
968 4630 1076 4693 vesontio,
1088 4643 1137 4677 om.
1151 4628 1179 4678 L.

391 4704 577 4767 “baldemum
597 4706 626 4762 Z,
644 4703 705 4755 uim
727 4704 763 4756 ul.
785 4705 855 4757 Bur.
