3278 5662
345 796 383 860 27
389 797 408 859 6
782 808 959 857 mrsronn.
1202 795 1283 879 [sn.
1301 795 1396 863 1170.

340 1003 545 1080 potestatem.
594 997 757 1062 Dominus
790 1019 877 1083 papa
908 999 1004 1063 nobis
1035 1004 1070 1064 et
1094 999 1275 1064 venerabili
1298 1001 1394 1065 fratri

339 1105 451 1164 nostro
467 1099 690 1164 Nivernensi¹
714 1101 865 1186 episeopo
880 1107 1005 1166 certam
1029 1102 1229 1187 praescripsit
1244 1101 1395 1178 formam,

334 1200 435 1284 juxta
457 1222 556 1286 quam
579 1201 824 1267 absolveremus
840 1203 1065 1268 venerabilem
1081 1202 1219 1269 fratrem
1243 1209 1394 1269 nostrum

340 1301 603 1368 Londonicnsem
635 1303 824 1388 episcopum
836 1328 844 1382 ;
881 1309 917 1368 et
950 1305 1108 1369 mandato
1145 1305 1297 1370 additum
1335 1311 1394 1384 est,

340 1404 435 1488 quod,
467 1404 496 1466 si
535 1409 674 1490 uterque
706 1409 857 1469 nostrum
889 1406 1004 1471 adesse
1043 1427 1112 1471 non
1150 1413 1270 1491 posset,
1308 1407 1394 1471 alter

339 1503 555 1568 nihilominus
599 1505 642 1569 ab
674 1526 712 1569 eo
738 1505 923 1590 requisitus
962 1527 1038 1570 eum
1077 1506 1274 1574 absolveret.
1322 1508 1393 1573 Nos

340 1606 451 1690 itaque
500 1607 652 1690 requisiti
690 1607 733 1671 ab
771 1628 818 1684 eo,
851 1607 906 1672 die
945 1607 1090 1686 Paschae,
1119 1609 1221 1694 juxta
1254 1608 1392 1675 formam

338 1707 496 1784 mandati,
513 1730 588 1773 eum
604 1708 815 1785 absolvimus,
832 1710 1032 1775 auctoritate
1047 1710 1174 1775 domini
1190 1732 1285 1797 papae
1300 1712 1394 1776 vobis

338 1810 548 1896 injungentes
571 1817 735 1897 quatenus
757 1809 819 1876 hoc
833 1833 932 1897 penes
947 1833 1007 1877 vos
1030 1813 1080 1877 ita
1101 1818 1263 1879 secretum
1287 1814 1394 1879 obser-

338 1917 444 1988 vetur,
467 1913 554 1978 sicut
576 1935 617 1978 ex
640 1913 798 1998 rescripto
821 1912 1011 1978 litterarum
1035 1915 1161 1979 domini
1185 1936 1287 2002 papae,
1304 1916 1391 2001 quod

338 2012 432 2077 vobis
455 2014 630 2092 mittimus,
655 2014 846 2080 discretioni
880 2022 999 2079 vestrae
1023 2015 1231 2081 manifestius
1253 2039 1382 2103 appare·

338 2117 396 2181 bit.
443 2116 569 2182 Valete.

677 2353 1048 2364 ψ

797 2531 948 2598 DGLIX.

336 2688 525 2753 Romonus
548 2686 846 2750 Romousoeusrs
870 2700 1165 2750 sncfflmuscoeus
1187 2701 1235 2748 sn
1251 2701 1392 2751 cannen

668 2803 709 2850 av
732 2801 898 2850 rosunum
921 2785 1079 2850 Aueerm.

699 2936 743 2998 (C.
755 2939 822 2992 aa&
842 2936 873 2987 G.
884 2935 940 2985 Pol.
953 2937 1024 2996 43³.)

381 3066 602 3159 [Retrodus]²
617 3064 894 3152 Rothomegensis
917 3065 981 3129 Dei
996 3065 1106 3151 gratie
1120 3065 1391 3152 archiepiscopus,

335 3172 463 3237 dilectis
478 3170 543 3234 sibi
558 3170 595 3233 in
618 3168 763 3233 Domino
788 3167 952 3232 universis
976 3188 1036 3252 per
1058 3167 1214 3253 Angliam
1231 3169 1389 3233 eonstitu-

333 3275 378 3338 tis
401 3272 571 3358 episcopie,
606 3269 783 3335 abbatibus
817 3272 852 3332 ct
885 3267 1020 3344 clericis,
1044 3268 1237 3354 caterisque
1261 3268 1389 3334 Christi

333 3373 494 3451 fidelibus,
518 3372 668 3448 salutem,
692 3370 834 3456 gratiam
858 3374 893 3434 et
915 3369 1185 3434 benedictionem.

378 3475 424 3551 Si,
447 3480 486 3538 ut
511 3479 623 3537 monet
654 3472 832 3558 apostolus,
867 3471 973 3557 legem
999 3468 1148 3535 caritatis
1169 3469 1387 3547 admittimur,

332 3577 469 3642 alterius
492 3575 635 3640 invicem
658 3581 693 3639 ct
722 3573 946 3659 congratulari
978 3571 1157 3637 commodis
1187 3575 1221 3636 ct
1243 3573 1387 3657 compati

330 3678 486 3743 debemus
509 3677 668 3742 adversis.
715 3675 816 3740 Unde
840 3674 929 3739 sieut
952 3672 1135 3739 venerabili
1157 3672 1253 3738 fratri
1275 3679 1387 3739 nostro

330 3780 498 3846 Gileberto
515 3777 739 3854 Londoniensi
755 3777 908 3862 episeopo
931 3775 974 3839 ob
996 3775 1197 3840 sententiam
1219 3775 1387 3841 adomino

330 3883 564 3951 cantuariensi
598 3883 635 3945 in
672 3903 748 3945 eum
781 3899 977 3964 quocunque
1013 3878 1110 3943 modo
1142 3877 1246 3943 latam
1270 3879 1386 3944 intime

328 3985 575 4063 condoluimus;
597 3984 644 4048 sic
667 3983 710 4046 ad
732 3980 899 4045 indultam
915 3978 979 4043 sibi
997 3978 1092 4062 jam³
1114 4001 1203 4044 nunc
1217 4000 1238 4044 a
1253 3980 1386 4046 domino

327 4110 414 4175 papa
436 4086 679 4174 benignitatem
714 4089 748 4148 et
779 4082 922 4169 gratiam
946 4086 1020 4146 tota
1042 4081 1191 4146 cordium
1213 4082 1384 4148 alacritate

327 4190 580 4276 congaudemus.
630 4185 773 4251 Noverit
805 4183 894 4248 enim
929 4187 1042 4246 vestra
1072 4181 1262 4247 fraternitas
1284 4204 1387 4249 nosa

327 4315 455 4358 summo
477 4290 635 4377 pontifice
669 4289 702 4352 id
735 4287 772 4351 in
805 4285 971 4351 mandatis
1004 4285 1175 4370 accepisse,
1198 4291 1238 4349 ut
1268 4308 1387 4352 cuma

320 4397 392 4479 jam
408 4395 498 4458 dicta
513 4391 687 4468 sententia,
709 4387 891 4475 apostolica
906 4387 1114 4465 auctoritate,
1140 4385 1384 4452 absolveremus

357 4625 365 4655 ¹
383 4620 535 4679 Etonienri,
547 4619 581 4678 A,
594 4619 617 4669 0
632 4622 688 4681 (see
701 4633 727 4680 p.
747 4618 828 4677 ate);
912 4614 923 4647 ²
940 4614 994 4664 'l'hc
1006 4628 1080 4663 name
1092 4628 1142 4664 om.
1155 4611 1181 4662 in
1194 4613 1224 4666 C.

324 4700 485 4761 Nivernenn',
499 4697 532 4748 L.
911 4693 922 4725 ³
938 4692 998 4754 iun,
1010 4706 1060 4741 orn.
1075 4691 1107 4744 G.
