3278 5662
357 775 421 839 316
796 792 974 844 anismam.
1217 784 1298 867 [an.
1317 783 1412 851 1170.

358 967 552 1065 quoeunque
588 981 651 1047 ibit
685 981 833 1068 spiritua,
865 989 900 1048 et
930 986 1012 1047 rotae
1044 983 1170 1067 paritor
1206 983 1411 1071 gradiantur.

356 1081 432 1146 Seio
454 1083 542 1148 enim
566 1084 654 1170 quod
676 1084 836 1170 gloriosus
858 1085 922 1150 erit
945 1085 996 1149 sui
1024 1086 1213 1151 certaminis
1236 1107 1359 1162 aursus,
1381 1086 1411 1149 ai

355 1186 585 1251 tautummodo
608 1192 793 1271 perseverat
825 1187 860 1250 iu
892 1208 930 1252 eo
953 1208 1051 1272 quem
1078 1188 1180 1274 eoepit
1202 1187 1409 1253 fortitudinis

355 1291 390 1350 et
426 1288 620 1354 constantiae
650 1289 763 1354 statu.¹
821 1288 887 1370 Qui
926 1289 1015 1355 enim
1052 1288 1199 1375 legitime
1233 1290 1412 1356 certaverit
1491 1320 1495 1327 ·

355 1389 582 1469 coronabitur3
620 1411 758 1475 cumque
782 1411 895 1456 omnes
919 1391 1063 1455 virtutes
1094 1396 1243 1456 currant
1261 1392 1303 1456 ad
1335 1392 1411 1456 bra·

354 1490 447 1553 vium
481 1490 551 1556 sola
583 1491 827 1576 perseverantia
858 1497 1042 1557 coronatur.
1088 1491 1181 1578 Rogo
1204 1497 1316 1557 autem
1339 1513 1409 1569 vos,

354 1598 513 1677 tanquam
548 1592 720 1657 domiuum
754 1598 789 1657 et
823 1590 1018 1679 magistrum
1049 1615 1169 1670 meum,
1204 1599 1244 1658 ut
1281 1615 1332 1658 me
1367 1593 1408 1658 de

353 1705 463 1759 vostro
487 1699 520 1759 et
543 1693 646 1780 ipsius
669 1700 761 1759 statu
784 1694 976 1779 frequenter
991 1695 1171 1761 instruatis.
1220 1695 1406 1772 Nemeum

351 1793 444 1859 aliud
459 1814 527 1860 non
541 1793 686 1880 possim,²
708 1815 764 1860 oro
783 1794 910 1882 jugiter
924 1815 983 1880 pro
1003 1795 1162 1870 vobisut,
1184 1795 1408 1882 praeveniente

351 1894 515 1961 Altiaaimi
530 1894 646 1982 gratia,
663 1895 749 1981 regia
765 1896 953 1982 auglorum
970 1897 1122 1983 gratiam,
1138 1895 1410 1981 vestrarumque3

352 2019 460 2064 rerum
483 1998 621 2064 liberam
644 1997 965 2064 administrationem
988 1998 1138 2064 obtinere
1160 2000 1301 2085 possitis.

184 2096 339 2188 mauroly-
397 2099 533 2164 Librum
555 2104 702 2164 vestrum
725 2099 774 2164 De
807 2096 914 2186 augia
936 2098 1131 2166 aumolibaaa
1153 2100 1227 2188 legi,
1252 2106 1287 2166 et
1309 2100 1408 2166 mira-

351 2200 464 2266 biliter
486 2222 538 2265 me
561 2199 692 2278 refecit3
714 2221 792 2265 nam
815 2207 849 2266 et
871 2201 918 2265 ibi
942 2202 1069 2287 optima
1084 2201 1190 2267 forma
1212 2202 1407 2268 eruditionis

351 2308 409 2380 est,
433 2307 468 2367 et
490 2306 625 2387 propter
658 2301 857 2367 artificem*
873 2303 1113 2385 sententiarum
1138 2304 1333 2369 varietatem
1356 2303 1407 2367 in-

352 2403 557 2470 aestimabilia
579 2403 720 2469 materia
743 2403 934 2489 voluptatis.
982 2404 1071 2470 Bane
1095 2404 1211 2471 valete.

184 2165 310 2215 cranous)

761 2888 977 2955 ODLXXVI.

455 3042 593 3108 Tnoun
617 3040 890 3109 Cauruamuum
912 3021 1194 3105 Aucmnmsooao
1219 3056 1306 3105 suos

802 3141 954 3209 Frnmia

539 3298 586 3361 (0.
598 3299 647 3347 207
655 3317 661 3355 ;
681 3298 707 3346 Z.
715 3312 740 3345 v.
748 3300 796 3354 ³33
816 3296 882 3360 Lup.
895 3311 919 3344 v.
932 3300 963 3345 88
977 3314 984 3354 ς
1002 3295 1092 3344 Thom.
1104 3295 1176 3372 892.)

392 3429 535 3494 Domino
559 3446 626 3501 aua,
650 3425 785 3490 Thomae
801 3422 1036 3490 Cantuau‘enai
1052 3422 1299 3508 archiepiscopo,
1323 3443 1402 3485 suus

347 3530 453 3595 fidelia
476 3528 626 3594 salutem.
749 3548 751 3553 ·
1000 3554 1004 3562 ’
1110 3560 1123 3571 ··
1266 3557 1269 3563 ·

180 3643 293 3723 Quona—
391 3632 570 3696 Tranaaota
586 3628 769 3707 Dominiea,
794 3649 852 3693 rex
868 3627 958 3713 apud
981 3627 1168 3693 Londoniaa
1183 3626 1288 3690 filium
1304 3647 1401 3690 auum

177 3712 327 3830 “ggffsshe
347 3734 479 3821 unguo
511 3732 640 3797 miuaae
678 3730 830 3809 donavit,
861 3729 1089 3815 eurumque⁶
1126 3730 1239 3795 snum
1279 3729 1400 3793 naora-

177 3794 280 3911 inuri?
346 3837 451 3902 oensis
485 3837 521 3899 in
544 3855 654 3920 regem
686 3832 830 3897 inunxit.
877 3832 994 3917 Ibique
1025 3854 1084 3896 rex
1107 3831 1184 3895 filiis
1207 3832 1275 3896 auis
1297 3836 1401 3896 terras

177 3909 247 3962 June
262 3917 298 3963 ¹⁴·
349 3959 426 4003 suaa
448 3937 574 4012 divisit,
604 3936 732 4001 eunetis
766 3934 1008 3999 admirantibus
1040 3933 1120 4018 quid
1153 3933 1193 3998 de
1217 3939 1335 3999 eaetero
1358 3932 1401 3995 ait

347 4040 502 4105 facturus.
548 4037 742 4102 Adventum
776 4058 872 4100 suum
906 4035 941 4098 in
979 4034 1218 4099 Normanniam
1252 4032 1401 4119 quotidie

345 4142 425 4208 faoit
458 4139 639 4228 praedicari,
678 4142 717 4203 ut
749 4138 852 4225 magis
887 4137 1052 4212 timeatur,
1092 4135 1149 4201 sed
1180 4157 1248 4200 non
1289 4134 1402 4200 veniet

347 4244 506 4329 quamdiu
544 4240 681 4329 paoem⁶
719 4240 805 4327 regia
843 4239 1044 4305 Francorum
1081 4237 1244 4303 habuerit.
1305 4237 1401 4302 Man-

926 4466 936 4497 ⁶
954 4480 1062 4528 amque,
1074 4464 1106 4515 0.

925 4542 1037 4609 ⁶pacem
1056 4580 1061 4592 .
1080 4541 1203 4606 ..quod
1228 4541 1260 4601 0,
1283 4541 1320 4597 z;
1346 4555 1395 4590 om.
