3278 5662
369 782 433 842 244
807 790 985 840 narsaeus.
1233 777 1312 859 [an.
1329 776 1428 842 1170.

369 983 481 1045 sertim
517 981 658 1066 iniquas,
696 977 849 1064 praeferre
882 976 949 1064 legi
981 977 1053 1042 Dei.
1100 977 1241 1042 Faciant
1272 979 1335 1044 hoc
1365 981 1424 1065 qni

369 1082 433 1146 sibi
467 1083 582 1167 longos
603 1081 673 1145 dies
705 1078 910 1163 pollicentur,
932 1084 967 1142 et
989 1077 1029 1142 de
1056 1100 1190 1143 suorum
1221 1082 1424 1147 conscientia

370 1184 560 1248 meritorum
593 1181 825 1269 praestolantur
857 1186 1003 1264 tempora
1037 1180 1179 1244 meliora
1231 1182 1301 1269 Ego
1333 1185 1422 1248 enim

371 1293 478 1350 certus
516 1307 588 1349 sum
628 1283 782 1369 quoniam
821 1281 935 1345 breves
973 1286 1053 1346 sunt
1090 1283 1160 1346 dies
1198 1284 1284 1363 mei3
1321 1293 1357 1350 et
1394 1287 1424 1350 si

371 1395 503 1452 tacuero
527 1386 627 1471 impio
658 1386 869 1470 iniquitatem
899 1405 1002 1460 suam,
1026 1386 1160 1469 sanguis
1184 1386 1255 1469 ejus
1277 1387 1423 1472 require·

373 1487 449 1553 tur¹
476 1488 515 1551 de
540 1509 642 1552 manu
665 1508 738 1550 mea
760 1486 802 1549 ab
819 1484 883 1548 lllo
906 1486 969 1561 cui,
993 1506 1060 1549 non
1082 1486 1285 1572 suffragante
1315 1488 1423 1554 homi·
1510 1563 1514 1569 ,

372 1591 424 1653 nis
446 1589 637 1674 patrocinio,
660 1588 701 1651 (lc
724 1586 906 1652 commissis
937 1593 972 1651 et
995 1587 1123 1652 omissis
1155 1589 1318 1653 rationem
1349 1592 1423 1656 red-

373 1691 504 1754 diturus
526 1712 609 1753 sum.
660 1689 712 1752 Ibi
735 1708 853 1751 aurum
888 1691 922 1752 et
955 1694 1130 1773 argentum
1164 1710 1232 1752 non
1266 1690 1422 1775 proderit,

372 1815 432 1857 nec
466 1813 612 1866 munera,
647 1811 721 1875 quae
753 1794 922 1854 excaecant
954 1789 1056 1854 etiam
1080 1789 1192 1854 oculos
1225 1793 1423 1877 sapientum.

372 1895 565 1958 Astabimus
588 1893 624 1955 in
659 1891 751 1956 brevi
781 1897 859 1956 ante
896 1890 1043 1956 tribunal
1067 1891 1201 1969 Christi,
1236 1915 1295 1978 per
1328 1897 1423 1981 cujus

373 1996 578 2079 majestatem
601 1998 636 2058 et
659 1993 864 2058 tremendum
891 1993 1054 2078 judicium
1078 2014 1145 2071 vos,
1179 1995 1266 2059 sicut
1295 2002 1423 2081 patrem

373 2107 407 2162 et
439 2098 609 2161 dominum
641 2102 675 2159 et
706 2117 872 2158 summum
905 2095 941 2158 in
973 2101 1061 2160 terra
1090 2095 1246 2180 judicem,
1269 2098 1426 2178 obtestor,

373 2205 412 2263 ut
434 2199 576 2264 ecclesiae
599 2218 666 2261 suae
701 2202 736 2260 et
769 2196 852 2260 mihi
879 2196 1048 2281 justitiam
1079 2197 1265 2262 exhibeatis
1299 2198 1340 2264 de
1371 2200 1424 2266 his

373 2301 430 2385 qui
469 2304 621 2384 quaerunt
658 2298 802 2362 animam
841 2298 912 2383 ejus
948 2304 988 2362 ut
1025 2298 1178 2365 auferant
1216 2321 1296 2364 eam.
1352 2302 1425 2370 Nec

373 2402 547 2489 patiamini
579 2400 705 2465 diutius
739 2422 812 2465 eam
849 2406 918 2466 tam
953 2401 1209 2467 contumelioss²
1240 2404 1424 2470 conculcari

372 2505 511 2591 pedibus
542 2502 725 2588 impiorum.
771 2501 865 2565 Adeo
887 2506 1080 2566 attenuatus
1114 2523 1187 2565 sum
1217 2510 1252 2568 et
1274 2504 1423 2586 afflictus,

313 2628 318 2640 ·
373 2614 413 2671 ut
435 2607 491 2691 qui
516 2605 624 2670 aliena
646 2603 771 2689 quadra
793 2609 829 2668 et
851 2602 1126 2668 Christianissimi
1148 2604 1235 2690 regis
1257 2612 1425 2673 sustentor

374 2709 530 2774 alimonia
567 2728 633 2771 non
671 2706 793 2791 possim
832 2705 872 2769 de
909 2711 1029 2770 caetero
1066 2705 1163 2769 vobis
1200 2706 1324 2773 instare
1367 2730 1426 2795 per

373 2811 518 2887 nuntios,
556 2809 676 2893 quibus
713 2807 794 2892 quid
831 2807 996 2893 porrigam
1034 2806 1168 2872 omnino
1207 2829 1274 2873 non
1311 2809 1424 2877 habeo.

207 2912 352 2976 Requestro
374 2912 507 2978 Placeat
529 2908 665 2994 itaque³
688 2907 857 2993 majestati
880 2916 1000 2972 vestrae
1017 2907 1266 2974 cantuariensis
1282 2911 1425 2978 ecclesias

206 2979 249 3028 ‘he
262 2995 336 3043 μ’μ’
374 3014 467 3077 finire
491 3011 665 3087 miseriam,
689 3014 724 3074 et
746 3031 820 3094 quae
843 3009 1016 3094 nuper'in
1038 3015 1177 3095 utreque
1200 3032 1301 3096 regno
1323 3034 1426 3078 emer·

373 3122 496 3190 serunt,
512 3125 546 3178 et
562 3111 736 3198 pullulant,
754 3116 788 3175 et
803 3109 1064 3196 malignantibus
1079 3112 1231 3197 praebent
1253 3113 1424 3180 audaciam

373 3216 594 3301 delinquendi,
616 3213 729 3279 tollere
751 3212 912 3289 scandala,
934 3213 1121 3278 sanctitatis
1144 3220 1262 3280 vestrae
1285 3237 1424 3302 puerum

373 3318 581 3394 absolvenda,
605 3322 640 3381 et
661 3315 833 3381 scribendo
856 3314 1137 3380 Christianissimo
1166 3317 1237 3404 regi
1259 3323 1294 3383 et
1324 3320 1425 3385 eccle-

374 3424 432 3487 siae
457 3421 645 3495 Gallicanae,
679 3418 774 3503 quod,
813 3417 878 3481 nisi
911 3438 971 3480 rex
1003 3417 1212 3504 Anglorum⁴
1247 3422 1425 3486 commoni·

374 3527 480 3590 tiones
502 3530 628 3587 vestras
651 3520 802 3595 audierit,
825 3523 860 3583 et
890 3519 985 3583 nobis
1016 3541 1129 3604 pacem
1152 3526 1187 3586 et
1216 3521 1328 3588 ablata
1349 3545 1424 3590 cnm

373 3627 515 3692 ecclesiae
546 3625 699 3688 libertate
732 3621 926 3699 restitueris,
959 3625 1083 3689 extunc
1115 3644 1175 3687 nos
1213 3624 1249 3687 in
1280 3646 1357 3689 eum
1390 3633 1425 3692 et

373 3737 494 3796 terram
526 3750 619 3793 suam
651 3724 756 3790 nostri
790 3724 887 3788 officii
925 3728 1124 3811 potestatem
1162 3747 1310 3793 exercere
1348 3750 1425 3794 con-

372 3830 510 3909 ceditis,l
542 3835 577 3895 et
613 3828 822 3903 sententiam,
860 3848 960 3912 quam
999 3827 1142 3893 Domino
1174 3834 1307 3896 auctam
1341 3832 1424 3897 fere-

373 3961 456 4015 mus,
502 3933 638 4001 velitis⁶
687 3934 729 3999 ab
775 3933 928 3999 omnibus
978 3934 1138 4021 episcopis
1185 3935 1425 4005 inviolabiliter
1511 3920 1515 3928 ⁵

373 4039 547 4108 observari.

407 4269 415 4300 ¹
433 4269 586 4332 requiratur,
599 4264 633 4322 0,
643 4237 686 4313 A.¹
957 4261 968 4293 ⁴
986 4260 1134 4326 Anqlorm
1146 4263 1181 4325 A,
1193 4265 1234 4322 0;
1252 4263 1360 4330 Anqlioe,
1373 4269 1403 4317 L.

405 4347 416 4380 ¹
434 4356 481 4396 ram
494 4341 675 4402 contumeliose,
686 4357 736 4392 om.
748 4342 778 4391 L.
957 4341 968 4373 ⁶
986 4341 1139 4403 concedatis,
1154 4343 1181 4392 L.

406 4424 417 4457 ⁸
433 4427 544 4489 inquam,
555 4423 588 4472 A.
958 4418 969 4451 ⁶
986 4418 1073 4481 vultis,
1085 4421 1117 4484 0,
1129 4422 1173 4482 A3
1190 4419 1283 4485 velitis,
1294 4421 1324 4473 L.

708 4646 1076 4659 ffi——n
