3278 5662
412 831 476 896 564
565 902 567 906 μ
850 846 1045 936 emarcum..
1274 831 1356 918 [an.
1373 828 1474 899 1176.

412 1048 586 1113 possumus
617 1030 688 1094 sine
712 1030 867 1095 scandalo
898 1035 933 1096 et
964 1030 1109 1118 periculo
1133 1030 1285 1109 ecclesiae,
1316 1030 1474 1096 humani-

414 1129 495 1193 tatis
528 1130 702 1195 consilium
738 1132 995 1197 misericorditer
1033 1132 1270 1218 impendamus
1333 1132 1473 1198 Publice

414 1250 557 1316 namque
593 1231 732 1296 interest
764 1237 804 1297 ut
827 1233 994 1299 materiali
1016 1234 1128 1319 gladio
1160 1232 1378 1299 cohibeantur
1412 1234 1473 1318 qui

414 1352 475 1396 nec
497 1331 604 1396 Deum
629 1332 750 1397 timent
772 1354 832 1400 nec
855 1333 1008 1399 deferunt
1030 1333 1183 1412 ecclesiae,
1210 1355 1273 1401 nec
1295 1355 1470 1402 censuram

414 1436 577 1498 canonum
600 1439 801 1499 reverentur.
857 1434 948 1500 Bene
971 1434 1086 1501 valete.

758 1701 1124 1720 ——-...,.—..-.

842 1864 1040 1932 Docxov.

515 2027 651 2094 Parrus
676 2029 806 2095 Seueri
829 2030 977 2095 Rrurorr
999 2045 1110 2096 sanas
1133 2045 1181 2094 ln
1203 2029 1375 2095 Joauumr

780 2133 1091 2199 Saarsamrmrsmr.

822 2278 892 2341 (Pet.
905 2278 969 2331 Call.
984 2280 1055 2343 124.)

311 2423 358 2470 ur.
456 2401 494 2467 Si
516 2402 599 2468 bene
621 2402 727 2470 recolo
753 2403 845 2488 jocos
874 2402 992 2489 prioris
1024 2401 1147 2481 seculi,
1179 2400 1258 2467 olim
1281 2400 1381 2465 simul
1415 2422 1467 2466 es·

410 2526 518 2569 semus
540 2510 576 2570 et
597 2505 640 2570 ad
663 2505 804 2571 invicem
821 2505 917 2591 plura
936 2505 1078 2590 jocando
1101 2525 1300 2583 sereremus3
1321 2505 1467 2593 occurrit

410 2607 497 2671 inter
520 2614 639 2672 caetera
662 2606 750 2691 quod
773 2607 867 2691 quasi
891 2607 932 2670 de
955 2605 1185 2691 magnitudine
1215 2603 1351 2670 cassulae
1383 2610 1467 2671 tunc

410 2707 646 2793 archiepiscopi
668 2707 812 2787 Thomae,
835 2727 925 2772 nunc
949 2705 1175 2792 pretiosissimi
1197 2706 1364 2790 martyris,
1386 2726 1465 2770 con·

409 2811 568 2895 querebar
591 2810 649 2874 ubi
672 2813 783 2894 posset
805 2809 948 2894 reperiri.
995 2807 1141 2872 Verbum
1164 2806 1248 2872 illud
1270 2805 1466 2884 fecitDeus‚

408 2911 476 2977 imo
517 2912 619 2977 risum
651 2911 729 2977 fecit
760 2911 856 2976 nobis
889 2923 924 2975 00
961 2910 1025 2975 toti
1063 2910 1243 2996 provinciae
1277 2913 1397 2974 vestrm
1430 2913 1466 2975 et

239 3003 356 3072 Pilgrim.
409 3020 538 3079 nostrae.
584 3013 669 3078 Inde
692 3017 743 3078 est
766 3012 853 3098 quod
881 3012 1099 3097 undecunque
1130 3033 1197 3077 non
1231 3011 1337 3077 solum
1360 3009 1465 3096 Angli

242 3077 466 3194 tlil‘lf‘lssses
489 3121 523 3181 er
547 3115 645 3193 osui,
668 3115 762 3200 quas
785 3115 829 3179 ao
851 3114 1012 3180 solemnes
1036 3114 1150 3199 epulas
1173 3120 1207 3179 er
1230 3113 1274 3178 aa
1296 3112 1464 3179 00000-

239 3204 361 3258 ihomas.
408 3239 479 3283 mas
497 3217 723 3302 jubilationes,
739 3224 938 3282 concurrunt
949 3216 992 3280 ad
1007 3215 1156 3280 tumbam
1172 3214 1324 3300 praedicti
1338 3215 1466 3294 sancti;

408 3340 473 3403 quo
489 3324 524 3383 et
547 3318 630 3382 mihi
647 3318 829 3382 miserrimo
846 3323 880 3383 et
903 3317 1133 3403 indignissimo
1148 3316 1322 3402 contingat
1337 3314 1462 3394 venire,

408 3420 522 3484 videre
545 3419 711 3484 mirabilia
733 3419 797 3484 Dei
821 3427 856 3484 et
887 3419 1023 3484 adorare
1047 3418 1155 3484 Deum
1190 3419 1226 3481 in
1257 3418 1370 3483 sancto
1402 3438 1463 3483 suo

408 3528 588 3606 antequam
611 3521 741 3585 moriar.
788 3521 861 3585 Etsi
885 3521 973 3585 enim
997 3520 1150 3605 intercipi
1180 3519 1337 3606 voragine
1360 3519 1463 3584 maris

409 3621 498 3707 quod
529 3622 721 3687 intercurrit
753 3642 892 3707 possem,
926 3643 994 3687 000
1028 3622 1179 3686 timerem
1212 3625 1350 3686 mortem
1385 3640 1461 3685 oum

408 3723 514 3787 vitam
552 3744 742 3808 quaererem.
813 3722 953 3787 Interim
996 3727 1108 3787 autem
1150 3722 1247 3787 corde
1284 3742 1366 3799 mee,
1404 3743 1460 3787 ona

407 3830 527 3902 vestro,
549 3825 640 3891 adite
663 3824 874 3911 praesentiam
898 3823 987 3908 ejus;
1010 3829 1044 3889 et
1066 3824 1147 3889 totis
1162 3820 1343 3888 visceribus
1357 3828 1461 3908 atque

407 3926 569 4007 medullis,
592 3925 818 4013 propeccatis
841 3930 875 3990 et
897 3925 1038 3989 miseriis
1064 3924 1185 3989 nostris
1217 3929 1330 4010 rogate
1352 3923 1460 3989 alum·

405 4052 487 4094 num
509 4031 634 4116 gratioe,
658 4051 700 4094 00
724 4049 793 4114 prae
817 4027 977 4093 ebrietate
1000 4026 1319 4092 immensurabilium
1342 4027 1460 4112 gaudi·

406 4155 500 4200 orum
532 4153 675 4207 suorum,
708 4151 775 4215 000
805 4130 849 4194 ab
881 4129 1037 4194 uberibus
1075 4127 1200 4194 Christi
1238 4133 1272 4193 00
1308 4127 1460 4215 gloriosae

406 4236 547 4322 virginis
581 4234 696 4299 Mariae
728 4231 883 4317 repletur,
906 4231 1013 4296 nostri
1044 4229 1268 4306 obliviscatur,
1291 4250 1366 4296 cum
1399 4251 1462 4296 nos

406 4336 647 4423 conparticipes
680 4335 905 4420 compassione
938 4333 1042 4398 enimi
1080 4332 1118 4396 in
1151 4330 1366 4398 tribulatione
1399 4353 1462 4399 sua

318 4516 324 4529 ‚
406 4438 586 4525 aliquando
612 4436 776 4513 habuerit,
799 4439 834 4500 et
865 4435 975 4500 adhuc
1007 4455 1066 4519 pro
1100 4454 1195 4520 posse
1229 4433 1461 4501 devotissimos

238 4519 382 4585 ⁰¹⁰⁹⁸¹¹¹ss⁸⁴
407 4540 521 4628 gloriae
544 4561 613 4605 suae
637 4539 877 4625 praedicatores.
924 4537 974 4602 De
997 4535 1050 4600 his
1077 4534 1236 4602 hactenus
1258 4583 1458 4604 .......

405 4641 588 4707 Dominum
623 4641 810 4726 episcopum
834 4637 1055 4703 Exoniensem
1084 4636 1202 4713 saluto,
1233 4641 1269 4702 et
1289 4658 1343 4703 me
1364 4657 1459 4706 eane·

405 4743 543 4811 tissimis
568 4742 637 4808 suis
659 4733 865 4817 orationibus
888 4739 1087 4808 commendo.
1133 4738 1285 4805 Fratrem
1307 4744 1456 4807 vestrum
