3278 5662
219 2831 333 2882 senona

220 2897 319 2962 against
331 2913 347 2946 a

219 2963 318 3013 conier-

218 3044 289 3081 enee.

385 786 448 848 230
822 797 1003 846 nrrsronn.
1242 784 1319 868 [no.
1338 787 1437 852 1170.

384 989 534 1054 rentibus
567 989 660 1075 tangi
695 987 929 1073 potiusquam
964 989 1099 1075 expleri.
1146 988 1212 1053 Sed
1235 989 1436 1074 quicumque

385 1113 538 1177 personas
577 1112 650 1176 quae
685 1089 865 1176 plurimum
898 1088 985 1156 laesae
1017 1095 1098 1154 sunt
1132 1090 1272 1176 despicit
1305 1112 1438 1156 causam

385 1193 573 1258 meminerit
595 1213 664 1257 esse
688 1190 824 1271 Christi,
848 1191 906 1277 qui
929 1191 1121 1277 comprimit
1143 1191 1305 1256 elationes
1327 1191 1438 1268 maria,

385 1298 420 1359 et
457 1314 517 1379 pro
554 1292 692 1357 arbitrio
730 1313 790 1357 suo
833 1296 1038 1379 potestatum
1077 1292 1247 1377 dispensat
1284 1292 1438 1357 habenas.

385 1396 460 1481 Ipse
485 1394 733 1461 Cantuariensis
758 1393 901 1460 ecclesiae
931 1400 1089 1479 patronus
1112 1399 1170 1471 est,
1193 1399 1228 1458 et
1264 1393 1442 1478 inspirabit

385 1497 497 1563 animo
520 1496 645 1561 domini
680 1496 767 1582 regis
789 1501 829 1560 ut
853 1495 1017 1559 divinitus
1052 1494 1218 1560 indultam
1242 1495 1306 1560 sibi
1339 1495 1440 1560 licen-

388 1600 469 1665 tiam
492 1599 688 1675 moderetur,
711 1618 865 1663 neceam
889 1620 964 1684 qma
987 1598 1067 1663 satis
1090 1604 1125 1662 et
1147 1619 1247 1684 supra
1269 1605 1303 1662 et
1326 1603 1441 1663 contra

388 1702 452 1790 [fas
468 1701 539 1785 et]¹
556 1701 690 1766 modum
705 1701 809 1786 gratis
832 1699 954 1765 afflicta
977 1705 1036 1777 ost,
1059 1705 1185 1765 ettam
1208 1700 1317 1786 ipsum
1340 1722 1440 1785 quarn

386 1809 604 1870 antecessores
627 1823 702 1867 suos
726 1806 885 1886 tanquam
919 1801 975 1886 pia
1005 1808 1112 1866 mater
1143 1801 1324 1886 promovit,
1345 1800 1440 1876 aluit,

386 1911 421 1971 et
458 1903 613 1990 protexit,
651 1901 779 1988 affligat
814 1902 965 1987 amplius.
1029 1901 1221 1988 Sapientior
1258 1903 1347 1967 enim
1386 1907 1437 1967 est

387 2029 485 2094 quarn
510 2012 549 2070 ut
572 2004 689 2070 salutis
712 2026 779 2069 sure
802 2005 1012 2091 dispendium
1037 2009 1071 2068 et
1093 2003 1155 2068 filii
1178 2005 1230 2068 sui
1261 2004 1439 2090 perniciem

387 2114 548 2196 procuret,
585 2129 691 2192 neque
729 2129 788 2172 nos
827 2108 933 2193 ignari
972 2129 1085 2172 sumus
1124 2106 1204 2192 quid
1242 2108 1353 2171 nuntii
1387 2108 1441 2171 sui

386 2210 577 2297 ‹puaesierint
599 2209 642 2274 ab
664 2209 843 2294 apostolica
866 2209 941 2274 sede
966 2208 1019 2273 vel
1043 2208 1256 2273 obtinuerint.
1304 2209 1441 2274 Cessent

386 2309 508 2389 minae,2
542 2311 697 2396 quoniam
729 2310 864 2376 ccclesia
897 2311 959 2376 Dei
993 2333 1051 2396 per
1083 2311 1338 2377 misericordiam
1369 2311 1441 2397 ejus

387 2415 422 2479 in
460 2418 558 2500 portu
597 2413 758 2498 navigat;
796 2434 856 2477 nec
888 2419 939 2478 est
972 2435 992 2478 a
1029 2419 1137 2478 strata
1174 2413 1315 2498 publica,
1339 2435 1439 2500 quam

387 2517 538 2582 Christus
563 2514 728 2597 'ostendit
752 2515 989 2593 recedendmn3
1023 2517 1208 2601 praesertim
1238 2516 1291 2581 his
1315 2517 1372 2602 qui
1404 2519 1440 2582 in

387 2624 482 2685 tanta
528 2617 708 2684 acerbitate
747 2616 856 2681 exsilii
895 2627 963 2682 tam
1003 2623 1156 2703 patenter
1193 2620 1323 2704 experti
1361 2625 1441 2685 sunt

386 2717 617 2788 clementiam³
640 2718 711 2784 Dei.

431 2820 575 2888 Oscula⁴
597 2819 793 2906 promittitis
818 2824 852 2883 et
874 2819 1056 2904 amplexus
1079 2820 1108 2885 si
1139 2843 1262 2887 morem
1285 2846 1440 2910 geramus

385 2922 535 3002 homini3
565 2928 600 2987 et
624 2922 657 2986 Is
681 2921 739 3006 qui
762 2923 868 2986 forma
892 2919 1159 2987 Christianorum
1183 2929 1235 2988 est
1266 2926 1399 2990 audivit
1421 2949 1442 2992 a

386 3031 560 3100 tentatore,
585 3023 696 3089 “Haec
720 3023 831 3087 omnia
852 3020 916 3086 tibi
939 3020 1035 3098 dabo,
1058 3022 1086 3086 si
1110 3023 1228 3088 cadens
1251 3025 1441 3090 adoraveris

385 3136 402 3162 “
427 3127 506 3193 me”
553 3126 628 3211 lpse
649 3125 780 3210 judicet
802 3146 935 3191 causam
958 3145 1062 3202 suam,
1077 3131 1112 3190 et
1135 3126 1307 3192 dominum
1332 3151 1440 3214 regem

384 3230 545 3315 perducat
567 3227 610 3291 ad
632 3224 788 3304 veniam,⁵
822 3227 888 3312 qui,
912 3226 1169 3313 malignantium
1205 3231 1350 3295 consiliis
1381 3233 1441 3295 im-

385 3330 509 3415 pulsus,
533 3330 658 3392 innatas
693 3327 912 3414 benignitatis
937 3349 1035 3413 quam
1068 3328 1189 3394 habero
1222 3341 1442 3398 consueverat

386 3429 486 3494 nimis
509 3429 632 3494 oblitus
656 3434 727 3493 est:
759 3434 802 3503 et,
825 3429 905 3493 dum
930 3429 1073 3495 inimicis
1096 3431 1240 3497 ecclcsiae
1264 3433 1439 3500 vehemen-

388 3533 454 3597 tius
486 3531 592 3609 cessit,
616 3531 757 3616 slteciem
790 3531 902 3595 induit
924 3531 1059 3597 inimici.
1107 3533 1177 3599 Nec
1207 3535 1325 3601 dubito
1358 3538 1439 3621 quin

386 3637 456 3721 ipse
479 3635 543 3699 sibi
568 3635 647 3698 dum
671 3633 741 3700 lraec
763 3632 900 3723 ageretl
934 3633 1131 3720 displiceret,
1154 3638 1212 3701 sed
1236 3639 1330 3723 quasi
1353 3639 1441 3703 invi-

386 3746 441 3803 tus
475 3737 705 3822 insipientium
742 3735 940 3801 clamoribus
963 3735 1165 3822 agitabatur,
1189 3744 1223 3803 et
1247 3739 1441 3806 trahebatur

387 3838 542 3905 funiculis
575 3838 760 3923 impiorum.
822 3837 978 3922 Adjicitia
1011 3842 1051 3901 ut
1085 3836 1240 3903 dominus
1263 3839 1439 3906 Cantuari-

387 3941 474 4007 ensis
497 3946 647 4006 occurrat
670 3940 841 4005 nominato
864 3938 1017 4024 superius
1040 3939 1192 4025 episcopo
1216 3947 1251 4006 et
1279 3942 1441 4008 archidia-

387 4066 467 4111 cono
491 4041 732 4118 Cantuariensi,
748 4041 842 4126 quasi
870 4039 963 4103 illum
980 4046 1172 4126 recepturus
1195 4043 1241 4107 sit
1263 4044 1385 4109 nedum
1410 4047 1440 4111 ei

387 4167 580 4214 occursurus
613 4165 710 4230 quem
743 4140 838 4228 ipse⁷
871 4140 1009 4207 solemni
1041 4142 1253 4210 anathemate
1288 4147 1440 4212 condem·

386 4249 491 4328 navit,
526 4246 791 4331 sententiamque
825 4245 861 4309 in
884 4267 958 4310 eum
991 4244 1094 4312 latam
1123 4246 1331 4313 confirmavit
1362 4271 1441 4336 apo-

420 4475 427 4507 ¹
439 4475 489 4538 sar
500 4481 533 4533 et,
546 4474 569 4524 G
580 4493 587 4532 3
606 4486 656 4522 om.
669 4473 698 4533 Z,
710 4473 741 4522 L.
971 4471 982 4503 ⁶
1000 4472 1077 4522 Brial.
1090 4472 1112 4522 is
1124 4473 1249 4538 probably
1256 4473 1356 4541 rightin
1369 4478 1442 4527 read·

418 4553 429 4585 ²
447 4553 523 4613 nuria,
535 4554 566 4609 0,
580 4551 618 4609 G;
636 4552 663 4600 in
675 4566 718 4612 mc,
731 4552 760 4600 L.
938 4548 982 4614 ing
995 4553 1066 4601 viam.

419 4634 430 4667 ³
447 4629 648 4692 misericordium,
660 4633 692 4683 G.
971 4629 981 4662 ⁶
998 4640 1100 4696 peroret,
1113 4633 1145 4684 G.

419 4711 430 4746 ⁴
447 4717 480 4774 el,
493 4709 539 4761 ins.
553 4709 587 4760 V.
972 4707 981 4745 7
999 4711 1059 4775 ipse,
1071 4726 1121 4762 om.
1134 4712 1165 4764 0.
