<?xml version="1.0" encoding="UTF-8"?>
<!DOCTYPE html PUBLIC "-//W3C//DTD XHTML 1.0 Transitional//EN"
    "http://www.w3.org/TR/xhtml1/DTD/xhtml1-transitional.dtd">
<html xmlns="http://www.w3.org/1999/xhtml" xml:lang="en" lang="en">
 <head>
  <title>
</title>
<meta http-equiv="Content-Type" content="text/html;charset=utf-8" />
  <meta name='ocr-system' content='tesseract 3.04.00' />
  <meta name='ocr-capabilities' content='ocr_page ocr_carea ocr_par ocr_line ocrx_word'/>
</head>
<body>
  <div class='ocr_page' id='page_1' title='image "./materialsforhis00robegoog/materialsforhis00robegoog_0561.png"; bbox 0 0 3278 5662; ppageno 0'>
   <div class='ocr_carea' id='block_1_1' title="bbox 369 718 1431 832">
    <p class='ocr_par' dir='ltr' id='par_1_1' title="bbox 369 718 1431 832">
     <span class='ocr_line' id='line_1_1' title="bbox 369 718 1431 832; baseline 0.013 -26"><span class='ocrx_word' id='word_1_1' title='bbox 369 746 433 811; x_wconf 83' lang='lat'>538</span> <span class='ocrx_word' id='word_1_2' title='bbox 562 718 567 726; x_wconf 41' lang='lat'><strong>⁴</strong></span> <span class='ocrx_word' id='word_1_3' title='bbox 819 759 1000 809; x_wconf 76' lang='lat' dir='ltr'>srisrots.</span> <span class='ocrx_word' id='word_1_4' title='bbox 1225 748 1309 832; x_wconf 70' lang='lat' dir='ltr'>[ao.</span> <span class='ocrx_word' id='word_1_5' title='bbox 1324 745 1431 821; x_wconf 76' lang='lat'>1172.</span> 
     </span>
    </p>
   </div>
   <div class='ocr_carea' id='block_1_2' title="bbox 192 946 1473 4183">
    <p class='ocr_par' dir='ltr' id='par_1_2' title="bbox 364 946 1473 2259">
     <span class='ocr_line' id='line_1_2' title="bbox 367 946 1431 1037; baseline 0.005 -27"><span class='ocrx_word' id='word_1_6' title='bbox 367 946 535 1031; x_wconf 73' lang='lat' dir='ltr'>praedam¹</span> <span class='ocrx_word' id='word_1_7' title='bbox 563 952 744 1013; x_wconf 88' lang='lat' dir='ltr'>transcunt.</span> <span class='ocrx_word' id='word_1_8' title='bbox 792 948 836 1014; x_wconf 89' lang='lat' dir='ltr'>Et</span> <span class='ocrx_word' id='word_1_9' title='bbox 870 969 938 1014; x_wconf 90' lang='lat' dir='ltr'>non</span> <span class='ocrx_word' id='word_1_10' title='bbox 970 950 1066 1016; x_wconf 89' lang='lat' dir='ltr'>modo</span> <span class='ocrx_word' id='word_1_11' title='bbox 1098 950 1141 1017; x_wconf 88' lang='lat' dir='ltr'>ab</span> <span class='ocrx_word' id='word_1_12' title='bbox 1163 950 1340 1037; x_wconf 82' lang='lat' dir='ltr'>Aquilone,</span> <span class='ocrx_word' id='word_1_13' title='bbox 1365 949 1431 1015; x_wconf 87' lang='lat' dir='ltr'>sed</span> 
     </span>
     <span class='ocr_line' id='line_1_3' title="bbox 367 1051 1430 1140; baseline 0.005 -27"><span class='ocrx_word' id='word_1_14' title='bbox 367 1071 388 1114; x_wconf 87' lang='lat' dir='ltr'>a</span> <span class='ocrx_word' id='word_1_15' title='bbox 418 1055 560 1134; x_wconf 71' lang='lat' dir='ltr'>(quatuor</span> <span class='ocrx_word' id='word_1_16' title='bbox 592 1051 701 1115; x_wconf 89' lang='lat' dir='ltr'>ventis</span> <span class='ocrx_word' id='word_1_17' title='bbox 736 1051 805 1117; x_wconf 80' lang='lat' dir='ltr'>coeli</span> <span class='ocrx_word' id='word_1_18' title='bbox 845 1052 881 1116; x_wconf 91' lang='lat' dir='ltr'>in</span> <span class='ocrx_word' id='word_1_19' title='bbox 912 1053 1089 1137; x_wconf 88' lang='lat' dir='ltr'>perniciem</span> <span class='ocrx_word' id='word_1_20' title='bbox 1122 1053 1321 1140; x_wconf 90' lang='lat' dir='ltr'>populorum</span> <span class='ocrx_word' id='word_1_21' title='bbox 1358 1051 1430 1119; x_wconf 88' lang='lat' dir='ltr'>olla</span> 
     </span>
     <span class='ocr_line' id='line_1_4' title="bbox 367 1151 1428 1237; baseline 0.007 -24"><span class='ocrx_word' id='word_1_22' title='bbox 367 1151 585 1216; x_wconf 79' lang='lat' dir='ltr'><strong>succenditur.</strong></span> <span class='ocrx_word' id='word_1_23' title='bbox 631 1151 762 1217; x_wconf 87' lang='lat' dir='ltr'>Numa</span> <span class='ocrx_word' id='word_1_24' title='bbox 792 1153 1004 1237; x_wconf 78' lang='lat' dir='ltr'>generatione</span> <span class='ocrx_word' id='word_1_25' title='bbox 1027 1155 1092 1219; x_wconf 86' lang='lat' dir='ltr'>isto</span> <span class='ocrx_word' id='word_1_26' title='bbox 1123 1176 1190 1220; x_wconf 90' lang='lat' dir='ltr'>non</span> <span class='ocrx_word' id='word_1_27' title='bbox 1223 1154 1322 1220; x_wconf 90' lang='lat' dir='ltr'>modo</span> <span class='ocrx_word' id='word_1_28' title='bbox 1360 1154 1428 1219; x_wconf 88' lang='lat' dir='ltr'>filii</span> 
     </span>
     <span class='ocr_line' id='line_1_5' title="bbox 367 1253 1428 1343; baseline 0.005 -27"><span class='ocrx_word' id='word_1_29' title='bbox 367 1253 538 1318; x_wconf 70' lang='lat' dir='ltr'>Barachire</span> <span class='ocrx_word' id='word_1_30' title='bbox 571 1255 713 1339; x_wconf 82' lang='lat' dir='ltr'>sanguis,</span> <span class='ocrx_word' id='word_1_31' title='bbox 746 1255 803 1339; x_wconf 93' lang='lat' dir='ltr'>qui</span> <span class='ocrx_word' id='word_1_32' title='bbox 842 1255 1018 1341; x_wconf 79' lang='lat' dir='ltr'>plusquam</span> <span class='ocrx_word' id='word_1_33' title='bbox 1056 1258 1144 1322; x_wconf 89' lang='lat' dir='ltr'>inter</span> <span class='ocrx_word' id='word_1_34' title='bbox 1182 1257 1348 1343; x_wconf 87' lang='lat' dir='ltr'>templum</span> <span class='ocrx_word' id='word_1_35' title='bbox 1390 1261 1428 1322; x_wconf 90' lang='lat' dir='ltr'>et</span> 
     </span>
     <span class='ocr_line' id='line_1_6' title="bbox 365 1355 1426 1444; baseline 0.006 -25"><span class='ocrx_word' id='word_1_36' title='bbox 365 1355 469 1419; x_wconf 86' lang='lat' dir='ltr'>altaro</span> <span class='ocrx_word' id='word_1_37' title='bbox 492 1376 598 1441; x_wconf 88' lang='lat' dir='ltr'>nuper</span> <span class='ocrx_word' id='word_1_38' title='bbox 629 1356 751 1420; x_wconf 88' lang='lat' dir='ltr'>offusus</span> <span class='ocrx_word' id='word_1_39' title='bbox 783 1362 841 1433; x_wconf 89' lang='lat' dir='ltr'>est,</span> <span class='ocrx_word' id='word_1_40' title='bbox 876 1378 965 1422; x_wconf 88' lang='lat' dir='ltr'>nunc</span> <span class='ocrx_word' id='word_1_41' title='bbox 999 1359 1187 1444; x_wconf 74' lang='lat' dir='ltr'>requiritur,</span> <span class='ocrx_word' id='word_1_42' title='bbox 1222 1358 1280 1422; x_wconf 88' lang='lat' dir='ltr'>sed</span> <span class='ocrx_word' id='word_1_43' title='bbox 1316 1358 1426 1425; x_wconf 84' lang='lat' dir='ltr'>etiam</span> 
     </span>
     <span class='ocr_line' id='line_1_7' title="bbox 365 1457 1427 1543; baseline 0.003 -21"><span class='ocrx_word' id='word_1_44' title='bbox 365 1457 513 1533; x_wconf 85' lang='lat' dir='ltr'>aliorum,</span> <span class='ocrx_word' id='word_1_45' title='bbox 537 1458 594 1543; x_wconf 90' lang='lat' dir='ltr'>qui</span> <span class='ocrx_word' id='word_1_46' title='bbox 626 1458 668 1523; x_wconf 94' lang='lat' dir='ltr'>ob</span> <span class='ocrx_word' id='word_1_47' title='bbox 701 1459 838 1523; x_wconf 85' lang='lat' dir='ltr'>eandem</span> <span class='ocrx_word' id='word_1_48' title='bbox 872 1480 1005 1524; x_wconf 85' lang='lat' dir='ltr'>causam</span> <span class='ocrx_word' id='word_1_49' title='bbox 1037 1461 1167 1538; x_wconf 78' lang='lat' dir='ltr'>damna,</span> <span class='ocrx_word' id='word_1_50' title='bbox 1202 1460 1363 1537; x_wconf 83' lang='lat' dir='ltr'>ludibria,</span> <span class='ocrx_word' id='word_1_51' title='bbox 1388 1464 1427 1525; x_wconf 89' lang='lat' dir='ltr'>et</span> 
     </span>
     <span class='ocr_line' id='line_1_8' title="bbox 365 1560 1473 1647; baseline 0.003 -23"><span class='ocrx_word' id='word_1_52' title='bbox 365 1560 503 1625; x_wconf 87' lang='lat' dir='ltr'>verbera</span> <span class='ocrx_word' id='word_1_53' title='bbox 540 1561 676 1646; x_wconf 81' lang='lat' dir='ltr'>experti,</span> <span class='ocrx_word' id='word_1_54' title='bbox 714 1562 888 1647; x_wconf 76' lang='lat' dir='ltr'>proscripti</span> <span class='ocrx_word' id='word_1_55' title='bbox 912 1567 999 1638; x_wconf 83' lang='lat' dir='ltr'>sunt,</span> <span class='ocrx_word' id='word_1_56' title='bbox 1035 1563 1229 1629; x_wconf 84' lang='lat' dir='ltr'>incarcerati</span> <span class='ocrx_word' id='word_1_57' title='bbox 1261 1568 1352 1641; x_wconf 90' lang='lat' dir='ltr'>sunt,</span> <span class='ocrx_word' id='word_1_58' title='bbox 1387 1563 1428 1627; x_wconf 88' lang='lat' dir='ltr'>in</span> <span class='ocrx_word' id='word_1_59' title='bbox 1464 1574 1473 1583; x_wconf 93' lang='grc'><em>“</em></span> 
     </span>
     <span class='ocr_line' id='line_1_9' title="bbox 365 1661 1426 1747; baseline 0.002 -19"><span class='ocrx_word' id='word_1_60' title='bbox 365 1662 503 1728; x_wconf 84' lang='lat' dir='ltr'>exilium</span> <span class='ocrx_word' id='word_1_61' title='bbox 526 1661 617 1727; x_wconf 68' lang='lat' dir='ltr'>acti2</span> <span class='ocrx_word' id='word_1_62' title='bbox 639 1668 727 1737; x_wconf 89' lang='lat' dir='ltr'>sunt,</span> <span class='ocrx_word' id='word_1_63' title='bbox 751 1667 786 1728; x_wconf 92' lang='lat' dir='ltr'>et</span> <span class='ocrx_word' id='word_1_64' title='bbox 812 1663 881 1728; x_wconf 83' lang='lat' dir='ltr'>scre</span> <span class='ocrx_word' id='word_1_65' title='bbox 904 1665 944 1728; x_wconf 89' lang='lat' dir='ltr'>de</span> <span class='ocrx_word' id='word_1_66' title='bbox 968 1668 1039 1730; x_wconf 88' lang='lat' dir='ltr'>toto</span> <span class='ocrx_word' id='word_1_67' title='bbox 1063 1665 1141 1730; x_wconf 90' lang='lat' dir='ltr'>orbo</span> <span class='ocrx_word' id='word_1_68' title='bbox 1165 1661 1311 1747; x_wconf 70' lang='lat' dir='ltr'>Latino,³</span> <span class='ocrx_word' id='word_1_69' title='bbox 1328 1664 1426 1730; x_wconf 90' lang='lat' dir='ltr'>unde</span> 
     </span>
     <span class='ocr_line' id='line_1_10' title="bbox 364 1764 1425 1852; baseline 0.005 -24"><span class='ocrx_word' id='word_1_70' title='bbox 364 1766 593 1851; x_wconf 84' lang='lat' dir='ltr'>migraverunt</span> <span class='ocrx_word' id='word_1_71' title='bbox 615 1766 658 1829; x_wconf 86' lang='lat' dir='ltr'>ad</span> <span class='ocrx_word' id='word_1_72' title='bbox 681 1764 871 1843; x_wconf 88' lang='lat' dir='ltr'>Dominum,</span> <span class='ocrx_word' id='word_1_73' title='bbox 894 1766 1083 1852; x_wconf 81' lang='lat' dir='ltr'>passionum</span> <span class='ocrx_word' id='word_1_74' title='bbox 1106 1787 1240 1832; x_wconf 84' lang='lat' dir='ltr'>suarum</span> <span class='ocrx_word' id='word_1_75' title='bbox 1259 1765 1425 1844; x_wconf 82' lang='lat' dir='ltr'>debitam,</span> 
     </span>
     <span class='ocr_line' id='line_1_11' title="bbox 364 1865 1426 1954; baseline 0.001 -24"><span class='ocrx_word' id='word_1_76' title='bbox 364 1871 399 1931; x_wconf 90' lang='lat' dir='ltr'>et</span> <span class='ocrx_word' id='word_1_77' title='bbox 421 1886 494 1952; x_wconf 83' lang='lat' dir='ltr'>quae</span> <span class='ocrx_word' id='word_1_78' title='bbox 518 1865 625 1931; x_wconf 90' lang='lat' dir='ltr'>Deum</span> <span class='ocrx_word' id='word_1_79' title='bbox 649 1867 762 1932; x_wconf 84' lang='lat' dir='ltr'>deceat</span> <span class='ocrx_word' id='word_1_80' title='bbox 792 1872 826 1931; x_wconf 88' lang='lat' dir='ltr'>et</span> <span class='ocrx_word' id='word_1_81' title='bbox 859 1868 964 1952; x_wconf 90' lang='lat' dir='ltr'>prosit</span> <span class='ocrx_word' id='word_1_82' title='bbox 995 1868 1147 1945; x_wconf 86' lang='lat' dir='ltr'>ecclesise,</span> <span class='ocrx_word' id='word_1_83' title='bbox 1170 1871 1337 1954; x_wconf 84' lang='lat' dir='ltr'>expetunt</span> <span class='ocrx_word' id='word_1_84' title='bbox 1369 1866 1426 1931; x_wconf 92' lang='lat' dir='ltr'>ul·</span> 
     </span>
     <span class='ocr_line' id='line_1_12' title="bbox 366 1967 1425 2055; baseline 0.004 -25"><span class='ocrx_word' id='word_1_85' title='bbox 366 1967 498 2032; x_wconf 89' lang='lat' dir='ltr'>tionem.</span> <span class='ocrx_word' id='word_1_86' title='bbox 544 1967 585 2032; x_wconf 90' lang='lat' dir='ltr'>In</span> <span class='ocrx_word' id='word_1_87' title='bbox 608 1968 661 2032; x_wconf 91' lang='lat' dir='ltr'>his</span> <span class='ocrx_word' id='word_1_88' title='bbox 684 1968 797 2054; x_wconf 89' lang='lat' dir='ltr'>itaque</span> <span class='ocrx_word' id='word_1_89' title='bbox 821 1968 979 2035; x_wconf 68' lang='lat' dir='ltr'>laetantur</span> <span class='ocrx_word' id='word_1_90' title='bbox 997 1970 1091 2055; x_wconf 88' lang='lat' dir='ltr'>justi,</span> <span class='ocrx_word' id='word_1_91' title='bbox 1114 1970 1172 2054; x_wconf 92' lang='lat' dir='ltr'>qui</span> <span class='ocrx_word' id='word_1_92' title='bbox 1195 1968 1315 2034; x_wconf 86' lang='lat' dir='ltr'>vident</span> <span class='ocrx_word' id='word_1_93' title='bbox 1342 1968 1425 2033; x_wconf 88' lang='lat' dir='ltr'>vin·</span> 
     </span>
     <span class='ocr_line' id='line_1_13' title="bbox 364 2070 1426 2158; baseline 0.003 -24"><span class='ocrx_word' id='word_1_94' title='bbox 364 2070 486 2134; x_wconf 85' lang='lat' dir='ltr'>dictam</span> <span class='ocrx_word' id='word_1_95' title='bbox 505 2070 648 2156; x_wconf 71' lang='lat' dir='ltr'>justitias</span> <span class='ocrx_word' id='word_1_96' title='bbox 670 2091 846 2136; x_wconf 87' lang='lat' dir='ltr'>consonam</span> <span class='ocrx_word' id='word_1_97' title='bbox 867 2071 931 2136; x_wconf 89' lang='lat' dir='ltr'>Dei</span> <span class='ocrx_word' id='word_1_98' title='bbox 953 2071 1067 2158; x_wconf 80' lang='lat' dir='ltr'>gloriae</span> <span class='ocrx_word' id='word_1_99' title='bbox 1089 2071 1240 2149; x_wconf 87' lang='lat' dir='ltr'>militaro,</span> <span class='ocrx_word' id='word_1_100' title='bbox 1265 2071 1426 2138; x_wconf 84' lang='lat' dir='ltr'>lavantes</span> 
     </span>
     <span class='ocr_line' id='line_1_14' title="bbox 364 2172 1199 2259; baseline 0.004 -24"><span class='ocrx_word' id='word_1_101' title='bbox 364 2172 480 2257; x_wconf 89' lang='lat' dir='ltr'>utique</span> <span class='ocrx_word' id='word_1_102' title='bbox 503 2194 621 2237; x_wconf 82' lang='lat' dir='ltr'>manus</span> <span class='ocrx_word' id='word_1_103' title='bbox 644 2194 719 2237; x_wconf 79' lang='lat' dir='ltr'>suas</span> <span class='ocrx_word' id='word_1_104' title='bbox 743 2173 779 2236; x_wconf 91' lang='lat' dir='ltr'>in</span> <span class='ocrx_word' id='word_1_105' title='bbox 802 2175 962 2259; x_wconf 80' lang='lat' dir='ltr'>sanguine</span> <span class='ocrx_word' id='word_1_106' title='bbox 985 2179 1199 2259; x_wconf 87' lang='lat' dir='ltr'>peccatorum.</span> 
     </span>
    </p>

    <p class='ocr_par' dir='ltr' id='par_1_3' title="bbox 361 2274 1424 3179">
     <span class='ocr_line' id='line_1_15' title="bbox 409 2274 1424 2362; baseline 0.003 -24"><span class='ocrx_word' id='word_1_107' title='bbox 409 2274 492 2340; x_wconf 75' lang='lat' dir='ltr'>Hroc</span> <span class='ocrx_word' id='word_1_108' title='bbox 514 2276 704 2341; x_wconf 79' lang='lat' dir='ltr'>summatim</span> <span class='ocrx_word' id='word_1_109' title='bbox 729 2275 768 2340; x_wconf 91' lang='lat' dir='ltr'>dc</span> <span class='ocrx_word' id='word_1_110' title='bbox 791 2274 844 2339; x_wconf 89' lang='lat' dir='ltr'>his</span> <span class='ocrx_word' id='word_1_111' title='bbox 872 2297 946 2361; x_wconf 84' lang='lat' dir='ltr'>quae</span> <span class='ocrx_word' id='word_1_112' title='bbox 976 2275 1190 2361; x_wconf 84' lang='lat' dir='ltr'>publicantur</span> <span class='ocrx_word' id='word_1_113' title='bbox 1220 2275 1311 2362; x_wconf 87' lang='lat' dir='ltr'>apud</span> <span class='ocrx_word' id='word_1_114' title='bbox 1346 2295 1424 2356; x_wconf 88' lang='lat' dir='ltr'>nos,</span> 
     </span>
     <span class='ocr_line' id='line_1_16' title="bbox 364 2376 1422 2464; baseline 0.002 -23"><span class='ocrx_word' id='word_1_115' title='bbox 364 2377 423 2441; x_wconf 91' lang='lat' dir='ltr'>ubi</span> <span class='ocrx_word' id='word_1_116' title='bbox 445 2376 534 2442; x_wconf 89' lang='lat' dir='ltr'>solus</span> <span class='ocrx_word' id='word_1_117' title='bbox 558 2377 612 2442; x_wconf 92' lang='lat' dir='ltr'>illc</span> <span class='ocrx_word' id='word_1_118' title='bbox 637 2382 730 2442; x_wconf 88' lang='lat' dir='ltr'>tutus</span> <span class='ocrx_word' id='word_1_119' title='bbox 754 2383 805 2443; x_wconf 91' lang='lat' dir='ltr'>est</span> <span class='ocrx_word' id='word_1_120' title='bbox 828 2398 925 2463; x_wconf 89' lang='lat' dir='ltr'>quem</span> <span class='ocrx_word' id='word_1_121' title='bbox 948 2377 1039 2443; x_wconf 82' lang='lat' dir='ltr'>furor</span> <span class='ocrx_word' id='word_1_122' title='bbox 1063 2379 1220 2464; x_wconf 81' lang='lat' dir='ltr'>exagitat,</span> <span class='ocrx_word' id='word_1_123' title='bbox 1236 2383 1297 2443; x_wconf 87' lang='lat' dir='ltr'>aut</span> <span class='ocrx_word' id='word_1_124' title='bbox 1316 2399 1422 2463; x_wconf 90' lang='lat' dir='ltr'>quem</span> 
     </span>
     <span class='ocr_line' id='line_1_17' title="bbox 364 2477 1424 2567; baseline -0.001 -22"><span class='ocrx_word' id='word_1_125' title='bbox 364 2478 509 2564; x_wconf 87' lang='lat' dir='ltr'>Spiritus</span> <span class='ocrx_word' id='word_1_126' title='bbox 532 2483 665 2544; x_wconf 87' lang='lat' dir='ltr'>sanctus</span> <span class='ocrx_word' id='word_1_127' title='bbox 689 2477 789 2544; x_wconf 89' lang='lat' dir='ltr'>efficit</span> <span class='ocrx_word' id='word_1_128' title='bbox 811 2480 959 2544; x_wconf 89' lang='lat' dir='ltr'>omnium</span> <span class='ocrx_word' id='word_1_129' title='bbox 990 2480 1223 2566; x_wconf 86' lang='lat' dir='ltr'>temporalium</span> <span class='ocrx_word' id='word_1_130' title='bbox 1246 2484 1424 2567; x_wconf 84' lang='lat' dir='ltr'>contemp·</span> 
     </span>
     <span class='ocr_line' id='line_1_18' title="bbox 364 2580 1423 2667; baseline 0.003 -23"><span class='ocrx_word' id='word_1_131' title='bbox 364 2586 477 2645; x_wconf 90' lang='lat' dir='ltr'>torem.</span> <span class='ocrx_word' id='word_1_132' title='bbox 527 2580 621 2646; x_wconf 87' lang='lat' dir='ltr'>Foris</span> <span class='ocrx_word' id='word_1_133' title='bbox 644 2580 731 2645; x_wconf 87' lang='lat' dir='ltr'>enim</span> <span class='ocrx_word' id='word_1_134' title='bbox 763 2581 875 2645; x_wconf 84' lang='lat' dir='ltr'>adstat</span> <span class='ocrx_word' id='word_1_135' title='bbox 905 2580 1044 2667; x_wconf 86' lang='lat' dir='ltr'>gladius,</span> <span class='ocrx_word' id='word_1_136' title='bbox 1066 2582 1167 2647; x_wconf 88' lang='lat' dir='ltr'>timor</span> <span class='ocrx_word' id='word_1_137' title='bbox 1199 2582 1310 2661; x_wconf 77' lang='lat' dir='ltr'>intus3</span> <span class='ocrx_word' id='word_1_138' title='bbox 1333 2582 1423 2647; x_wconf 88' lang='lat' dir='ltr'>civis</span> 
     </span>
     <span class='ocr_line' id='line_1_19' title="bbox 363 2682 1423 2750; baseline 0.002 -2"><span class='ocrx_word' id='word_1_139' title='bbox 363 2687 397 2748; x_wconf 91' lang='lat' dir='ltr'>et</span> <span class='ocrx_word' id='word_1_140' title='bbox 430 2682 535 2748; x_wconf 88' lang='lat' dir='ltr'>hostis</span> <span class='ocrx_word' id='word_1_141' title='bbox 566 2683 602 2746; x_wconf 90' lang='lat' dir='ltr'>in</span> <span class='ocrx_word' id='word_1_142' title='bbox 636 2682 750 2746; x_wconf 87' lang='lat' dir='ltr'>eodem</span> <span class='ocrx_word' id='word_1_143' title='bbox 784 2682 850 2747; x_wconf 82' lang='lat' dir='ltr'>sere</span> <span class='ocrx_word' id='word_1_144' title='bbox 885 2689 1060 2748; x_wconf 88' lang='lat' dir='ltr'>versantur</span> <span class='ocrx_word' id='word_1_145' title='bbox 1098 2683 1229 2749; x_wconf 84' lang='lat' dir='ltr'>calculo.</span> <span class='ocrx_word' id='word_1_146' title='bbox 1289 2682 1423 2750; x_wconf 85' lang='lat' dir='ltr'>Nostra</span> 
     </span>
     <span class='ocr_line' id='line_1_20' title="bbox 362 2785 1422 2871; baseline 0 -20"><span class='ocrx_word' id='word_1_147' title='bbox 362 2789 474 2851; x_wconf 91' lang='lat' dir='ltr'>autem</span> <span class='ocrx_word' id='word_1_148' title='bbox 498 2806 566 2850; x_wconf 86' lang='lat' dir='ltr'>sors</span> <span class='ocrx_word' id='word_1_149' title='bbox 596 2785 850 2851; x_wconf 85' lang='lat' dir='ltr'>conviventibus</span> <span class='ocrx_word' id='word_1_150' title='bbox 881 2785 1085 2870; x_wconf 70' lang='lat' dir='ltr'>adaequatur,</span> <span class='ocrx_word' id='word_1_151' title='bbox 1107 2787 1171 2850; x_wconf 89' lang='lat' dir='ltr'>nisi</span> <span class='ocrx_word' id='word_1_152' title='bbox 1205 2785 1293 2871; x_wconf 90' lang='lat' dir='ltr'>quod</span> <span class='ocrx_word' id='word_1_153' title='bbox 1327 2786 1422 2851; x_wconf 87' lang='lat' dir='ltr'>inter</span> 
     </span>
     <span class='ocr_line' id='line_1_21' title="bbox 363 2886 1420 2975; baseline 0.001 -22"><span class='ocrx_word' id='word_1_154' title='bbox 363 2888 507 2973; x_wconf 86' lang='lat' dir='ltr'>Scyllam</span> <span class='ocrx_word' id='word_1_155' title='bbox 531 2894 566 2952; x_wconf 83' lang='lat' dir='ltr'>et</span> <span class='ocrx_word' id='word_1_156' title='bbox 589 2886 794 2972; x_wconf 80' lang='lat' dir='ltr'>Charybdim</span> <span class='ocrx_word' id='word_1_157' title='bbox 818 2887 1032 2972; x_wconf 87' lang='lat' dir='ltr'>periculosius</span> <span class='ocrx_word' id='word_1_158' title='bbox 1055 2890 1259 2975; x_wconf 84' lang='lat' dir='ltr'>navigantes,</span> <span class='ocrx_word' id='word_1_159' title='bbox 1278 2888 1420 2954; x_wconf 91' lang='lat' dir='ltr'>eviden-</span> 
     </span>
     <span class='ocr_line' id='line_1_22' title="bbox 362 2989 1419 3076; baseline 0.002 -22"><span class='ocrx_word' id='word_1_160' title='bbox 362 2991 435 3068; x_wconf 91' lang='lat' dir='ltr'>tior,</span> <span class='ocrx_word' id='word_1_161' title='bbox 451 3011 551 3076; x_wconf 86' lang='lat' dir='ltr'>suprn</span> <span class='ocrx_word' id='word_1_162' title='bbox 574 2995 608 3054; x_wconf 84' lang='lat' dir='ltr'>et</span> <span class='ocrx_word' id='word_1_163' title='bbox 634 2993 750 3056; x_wconf 87' lang='lat' dir='ltr'>contra</span> <span class='ocrx_word' id='word_1_164' title='bbox 772 2990 892 3055; x_wconf 82' lang='lat' dir='ltr'>merite</span> <span class='ocrx_word' id='word_1_165' title='bbox 914 2994 1037 3068; x_wconf 86' lang='lat' dir='ltr'>nostra,</span> <span class='ocrx_word' id='word_1_166' title='bbox 1061 2990 1124 3055; x_wconf 89' lang='lat' dir='ltr'>Dei</span> <span class='ocrx_word' id='word_1_167' title='bbox 1139 2989 1335 3076; x_wconf 81' lang='lat' dir='ltr'>propitiatio</span> <span class='ocrx_word' id='word_1_168' title='bbox 1357 2989 1419 3056; x_wconf 86' lang='lat' dir='ltr'>be·</span> 
     </span>
     <span class='ocr_line' id='line_1_23' title="bbox 361 3090 1419 3179; baseline 0.002 -23"><span class='ocrx_word' id='word_1_169' title='bbox 361 3090 518 3179; x_wconf 75' lang='lat' dir='ltr'>nignius⁴</span> <span class='ocrx_word' id='word_1_170' title='bbox 540 3092 737 3157; x_wconf 81' lang='lat' dir='ltr'>consolatur.</span> <span class='ocrx_word' id='word_1_171' title='bbox 777 3090 871 3155; x_wconf 67' lang='lat' dir='ltr'>⁴Nam</span> <span class='ocrx_word' id='word_1_172' title='bbox 905 3095 944 3155; x_wconf 90' lang='lat' dir='ltr'>ut</span> <span class='ocrx_word' id='word_1_173' title='bbox 978 3091 1041 3155; x_wconf 89' lang='lat' dir='ltr'>sibi</span> <span class='ocrx_word' id='word_1_174' title='bbox 1076 3092 1181 3178; x_wconf 82' lang='lat' dir='ltr'>magis</span> <span class='ocrx_word' id='word_1_175' title='bbox 1214 3090 1334 3157; x_wconf 89' lang='lat' dir='ltr'>reddat</span> <span class='ocrx_word' id='word_1_176' title='bbox 1356 3091 1419 3158; x_wconf 90' lang='lat' dir='ltr'>ob-</span> 
     </span>
    </p>

    <p class='ocr_par' dir='ltr' id='par_1_4' title="bbox 249 3182 1418 3667">
     <span class='ocr_line' id='line_1_24' title="bbox 249 3182 1418 3278; baseline 0.003 -21"><span class='ocrx_word' id='word_1_177' title='bbox 249 3182 252 3188; x_wconf 66' lang='grc'><strong>’</strong></span> <span class='ocrx_word' id='word_1_178' title='bbox 361 3194 487 3270; x_wconf 74' lang='lat' dir='ltr'>noxios</span> <span class='ocrx_word' id='word_1_179' title='bbox 510 3195 678 3258; x_wconf 84' lang='lat' dir='ltr'>intentat-u</span> <span class='ocrx_word' id='word_1_180' title='bbox 701 3215 718 3257; x_wconf 91' lang='lat' dir='ltr'>c</span> <span class='ocrx_word' id='word_1_181' title='bbox 741 3191 851 3257; x_wconf 89' lang='lat' dir='ltr'>vicino</span> <span class='ocrx_word' id='word_1_182' title='bbox 874 3193 1020 3258; x_wconf 84' lang='lat' dir='ltr'>ostendit</span> <span class='ocrx_word' id='word_1_183' title='bbox 1037 3192 1205 3278; x_wconf 69' lang='lat' dir='ltr'>pericula,¹5</span> <span class='ocrx_word' id='word_1_184' title='bbox 1219 3198 1253 3258; x_wconf 89' lang='lat' dir='ltr'>et</span> <span class='ocrx_word' id='word_1_185' title='bbox 1269 3192 1418 3260; x_wconf 75' lang='lat' dir='ltr'>validius</span> 
     </span>
     <span class='ocr_line' id='line_1_25' title="bbox 361 3293 1417 3381; baseline 0.001 -20"><span class='ocrx_word' id='word_1_186' title='bbox 361 3297 523 3362; x_wconf 87' lang='lat' dir='ltr'>irruentia</span> <span class='ocrx_word' id='word_1_187' title='bbox 558 3317 643 3377; x_wconf 83' lang='lat' dir='ltr'>saepe</span> <span class='ocrx_word' id='word_1_188' title='bbox 676 3294 806 3381; x_wconf 85' lang='lat' dir='ltr'>longius</span> <span class='ocrx_word' id='word_1_189' title='bbox 841 3293 1024 3379; x_wconf 84' lang='lat' dir='ltr'>fortiusque</span> <span class='ocrx_word' id='word_1_190' title='bbox 1059 3295 1200 3381; x_wconf 86' lang='lat' dir='ltr'>repellit,</span> <span class='ocrx_word' id='word_1_191' title='bbox 1223 3300 1262 3359; x_wconf 89' lang='lat' dir='ltr'>ut</span> <span class='ocrx_word' id='word_1_192' title='bbox 1293 3297 1417 3363; x_wconf 85' lang='lat' dir='ltr'>merito</span> 
     </span>
     <span class='ocr_line' id='line_1_26' title="bbox 362 3394 1417 3481; baseline 0 -18"><span class='ocrx_word' id='word_1_193' title='bbox 362 3400 469 3464; x_wconf 90' lang='lat' dir='ltr'>dicere</span> <span class='ocrx_word' id='word_1_194' title='bbox 507 3397 693 3473; x_wconf 88' lang='lat' dir='ltr'>debeamus,</span> <span class='ocrx_word' id='word_1_195' title='bbox 728 3397 785 3481; x_wconf 88' lang='lat' dir='ltr'>qui</span> <span class='ocrx_word' id='word_1_196' title='bbox 824 3395 1006 3460; x_wconf 90' lang='lat' dir='ltr'>Dominum</span> <span class='ocrx_word' id='word_1_197' title='bbox 1045 3394 1170 3473; x_wconf 84' lang='lat' dir='ltr'>Jcsum,</span> <span class='ocrx_word' id='word_1_198' title='bbox 1205 3395 1289 3461; x_wconf 92' lang='lat' dir='ltr'>velit</span> <span class='ocrx_word' id='word_1_199' title='bbox 1326 3398 1417 3463; x_wconf 84' lang='lat' dir='ltr'>nolit</span> 
     </span>
     <span class='ocr_line' id='line_1_27' title="bbox 361 3497 1418 3584; baseline 0.002 -20"><span class='ocrx_word' id='word_1_200' title='bbox 361 3500 504 3565; x_wconf 87' lang='lat' dir='ltr'>mundus</span> <span class='ocrx_word' id='word_1_201' title='bbox 527 3520 626 3583; x_wconf 87' lang='lat' dir='ltr'>super</span> <span class='ocrx_word' id='word_1_202' title='bbox 641 3498 751 3562; x_wconf 88' lang='lat' dir='ltr'>omnia</span> <span class='ocrx_word' id='word_1_203' title='bbox 766 3497 988 3577; x_wconf 88' lang='lat' dir='ltr'>benedictum,</span> <span class='ocrx_word' id='word_1_204' title='bbox 1010 3520 1076 3563; x_wconf 91' lang='lat' dir='ltr'>non</span> <span class='ocrx_word' id='word_1_205' title='bbox 1099 3498 1219 3584; x_wconf 81' lang='lat' dir='ltr'>diligit,</span> <span class='ocrx_word' id='word_1_206' title='bbox 1234 3499 1418 3567; x_wconf 86' lang='lat' dir='ltr'>anathema</span> 
     </span>
     <span class='ocr_line' id='line_1_28' title="bbox 365 3603 417 3667; baseline 0 -1"><span class='ocrx_word' id='word_1_207' title='bbox 365 3603 417 3667; x_wconf 85' lang='lat' dir='ltr'>sit.</span> 
     </span>
    </p>

    <p class='ocr_par' dir='ltr' id='par_1_5' title="bbox 192 3702 1417 4183">
     <span class='ocr_line' id='line_1_29' title="bbox 194 3702 1417 3789; baseline 0 -20"><span class='ocrx_word' id='word_1_208' title='bbox 194 3730 275 3783; x_wconf 75' lang='lat' dir='ltr'>Poris</span> <span class='ocrx_word' id='word_1_209' title='bbox 287 3730 316 3780; x_wconf 84' lang='lat' dir='ltr'>of</span> <span class='ocrx_word' id='word_1_210' title='bbox 404 3704 525 3770; x_wconf 89' lang='lat' dir='ltr'>Vestra</span> <span class='ocrx_word' id='word_1_211' title='bbox 551 3708 672 3785; x_wconf 85' lang='lat' dir='ltr'>autem,</span> <span class='ocrx_word' id='word_1_212' title='bbox 699 3723 771 3788; x_wconf 83' lang='lat' dir='ltr'>quas</span> <span class='ocrx_word' id='word_1_213' title='bbox 796 3702 1003 3789; x_wconf 79' lang='lat' dir='ltr'>inpartibus</span> <span class='ocrx_word' id='word_1_214' title='bbox 1027 3703 1148 3768; x_wconf 87' lang='lat' dir='ltr'>nostris</span> <span class='ocrx_word' id='word_1_215' title='bbox 1178 3707 1265 3781; x_wconf 86' lang='lat' dir='ltr'>sunt,</span> <span class='ocrx_word' id='word_1_216' title='bbox 1296 3704 1417 3770; x_wconf 89' lang='lat' dir='ltr'>multis</span> 
     </span>
     <span class='ocr_line' id='line_1_30' title="bbox 192 3796 1415 3914; baseline 0.001 -42"><span class='ocrx_word' id='word_1_217' title='bbox 192 3796 347 3914; x_wconf 48' lang='lat' dir='ltr'>qlfflffiffl</span> <span class='ocrx_word' id='word_1_218' title='bbox 360 3807 514 3895; x_wconf 88' lang='lat' dir='ltr'>periculis</span> <span class='ocrx_word' id='word_1_219' title='bbox 537 3812 759 3893; x_wconf 85' lang='lat' dir='ltr'>exponuntur.</span> <span class='ocrx_word' id='word_1_220' title='bbox 806 3802 945 3870; x_wconf 82' lang='lat' dir='ltr'>Nostri⁰</span> <span class='ocrx_word' id='word_1_221' title='bbox 974 3809 1125 3890; x_wconf 88' lang='lat' dir='ltr'>potentes</span> <span class='ocrx_word' id='word_1_222' title='bbox 1158 3807 1415 3903; x_wconf 77' lang='lat' dir='ltr'>circumquaque</span> 
     </span>
     <span class='ocr_line' id='line_1_31' title="bbox 192 3880 1415 3997; baseline -0.009 -13"><span class='ocrx_word' id='word_1_223' title='bbox 192 3880 279 3984; x_wconf 57' lang='lat' dir='ltr'>cernite.</span> <span class='ocrx_word' id='word_1_224' title='bbox 360 3913 396 3977; x_wconf 93' lang='lat' dir='ltr'>in</span> <span class='ocrx_word' id='word_1_225' title='bbox 434 3910 529 3995; x_wconf 89' lang='lat' dir='ltr'>lupos</span> <span class='ocrx_word' id='word_1_226' title='bbox 568 3907 718 3975; x_wconf 88' lang='lat' dir='ltr'>conversi</span> <span class='ocrx_word' id='word_1_227' title='bbox 756 3914 843 3985; x_wconf 87' lang='lat' dir='ltr'>sunt,</span> <span class='ocrx_word' id='word_1_228' title='bbox 880 3928 960 3992; x_wconf 91' lang='lat' dir='ltr'>quos</span> <span class='ocrx_word' id='word_1_229' title='bbox 995 3906 1145 3991; x_wconf 89' lang='lat' dir='ltr'>improba</span> <span class='ocrx_word' id='word_1_230' title='bbox 1175 3907 1303 3972; x_wconf 86' lang='lat' dir='ltr'>ventris</span> <span class='ocrx_word' id='word_1_231' title='bbox 1340 3910 1415 3997; x_wconf 85' lang='lat' dir='ltr'>agit</span> 
     </span>
     <span class='ocr_line' id='line_1_32' title="bbox 361 4009 1414 4101; baseline -0.003 -22"><span class='ocrx_word' id='word_1_232' title='bbox 361 4012 536 4101; x_wconf 82' lang='lat' dir='ltr'>ingluvies,</span> <span class='ocrx_word' id='word_1_233' title='bbox 568 4015 608 4075; x_wconf 90' lang='lat' dir='ltr'>ut</span> <span class='ocrx_word' id='word_1_234' title='bbox 635 4012 714 4096; x_wconf 90' lang='lat' dir='ltr'>jura</span> <span class='ocrx_word' id='word_1_235' title='bbox 736 4014 981 4095; x_wconf 85' lang='lat' dir='ltr'>potestatesque</span> <span class='ocrx_word' id='word_1_236' title='bbox 1012 4013 1231 4075; x_wconf 88' lang='lat' dir='ltr'>contemnant.</span> <span class='ocrx_word' id='word_1_237' title='bbox 1279 4009 1324 4074; x_wconf 86' lang='lat' dir='ltr'>Et</span> <span class='ocrx_word' id='word_1_238' title='bbox 1345 4012 1414 4077; x_wconf 93' lang='lat' dir='ltr'>nisi</span> 
     </span>
     <span class='ocr_line' id='line_1_33' title="bbox 359 4111 1412 4183; baseline -0.002 -1"><span class='ocrx_word' id='word_1_239' title='bbox 359 4117 503 4183; x_wconf 90' lang='lat' dir='ltr'>hominis</span> <span class='ocrx_word' id='word_1_240' title='bbox 527 4115 579 4182; x_wconf 89' lang='lat' dir='ltr'>cui</span> <span class='ocrx_word' id='word_1_241' title='bbox 601 4115 736 4179; x_wconf 81' lang='lat' dir='ltr'>deinum</span> <span class='ocrx_word' id='word_1_242' title='bbox 759 4112 967 4176; x_wconf 84' lang='lat' dir='ltr'>commisistis</span> <span class='ocrx_word' id='word_1_243' title='bbox 982 4111 1144 4177; x_wconf 88' lang='lat' dir='ltr'>laboriosa</span> <span class='ocrx_word' id='word_1_244' title='bbox 1153 4118 1187 4179; x_wconf 88' lang='lat' dir='ltr'>et</span> <span class='ocrx_word' id='word_1_245' title='bbox 1202 4111 1317 4178; x_wconf 81' lang='lat' dir='ltr'>efficax</span> <span class='ocrx_word' id='word_1_246' title='bbox 1332 4113 1412 4179; x_wconf 87' lang='lat' dir='ltr'>sub·</span> 
     </span>
    </p>
   </div>
   <div class='ocr_carea' id='block_1_3' title="bbox 360 4212 1413 4300">
    <p class='ocr_par' dir='ltr' id='par_1_6' title="bbox 360 4212 1413 4300">
     <span class='ocr_line' id='line_1_34' title="bbox 360 4212 1413 4300; baseline -0.001 -16"><span class='ocrx_word' id='word_1_247' title='bbox 360 4221 505 4286; x_wconf 87' lang='lat' dir='ltr'>venisset</span> <span class='ocrx_word' id='word_1_248' title='bbox 514 4216 688 4297; x_wconf 88' lang='lat' dir='ltr'>industrio,</span> <span class='ocrx_word' id='word_1_249' title='bbox 698 4214 770 4300; x_wconf 87' lang='lat' dir='ltr'>jam</span> <span class='ocrx_word' id='word_1_250' title='bbox 783 4235 857 4278; x_wconf 87' lang='lat' dir='ltr'>raro</span> <span class='ocrx_word' id='word_1_251' title='bbox 873 4218 933 4278; x_wconf 89' lang='lat' dir='ltr'>aut</span> <span class='ocrx_word' id='word_1_252' title='bbox 944 4212 1037 4278; x_wconf 90' lang='lat' dir='ltr'>nullo</span> <span class='ocrx_word' id='word_1_253' title='bbox 1047 4213 1208 4280; x_wconf 87' lang='lat' dir='ltr'>coleretur</span> <span class='ocrx_word' id='word_1_254' title='bbox 1216 4213 1413 4283; x_wconf 79' lang='lat' dir='ltr'>habitatore.</span> 
     </span>
    </p>
   </div>
   <div class='ocr_carea' id='block_1_4' title="bbox 1287 4406 1413 4419">
    <p class='ocr_par' dir='ltr' id='par_1_7' title="bbox 1287 4406 1413 4419">
     <span class='ocr_line' id='line_1_35' title="bbox 1287 4406 1413 4419; baseline 0.008 -3"><span class='ocrx_word' id='word_1_255' title='bbox 1287 4406 1413 4419; x_wconf 59' lang='grc' dir='ltr'>...ι-,4</span> 
     </span>
    </p>
   </div>
   <div class='ocr_carea' id='block_1_5' title="bbox 390 4518 1160 4745">
    <p class='ocr_par' dir='ltr' id='par_1_8' title="bbox 390 4518 1160 4745">
     <span class='ocr_line' id='line_1_36' title="bbox 390 4518 1075 4591; baseline -0.01 -16"><span class='ocrx_word' id='word_1_256' title='bbox 390 4526 399 4558; x_wconf 85' lang='lat'><strong>¹</strong></span> <span class='ocrx_word' id='word_1_257' title='bbox 415 4524 547 4591; x_wconf 72' lang='lat' dir='ltr'>prodicta,</span> <span class='ocrx_word' id='word_1_258' title='bbox 559 4524 589 4573; x_wconf 89' lang='lat' dir='ltr'>L.</span> <span class='ocrx_word' id='word_1_259' title='bbox 943 4518 952 4549; x_wconf 87' lang='lat'><strong>⁴</strong></span> <span class='ocrx_word' id='word_1_260' title='bbox 971 4518 1028 4569; x_wconf 89' lang='lat' dir='ltr'>Om.</span> <span class='ocrx_word' id='word_1_261' title='bbox 1043 4519 1075 4568; x_wconf 92' lang='lat'>0.</span> 
     </span>
     <span class='ocr_line' id='line_1_37' title="bbox 390 4598 1160 4665; baseline -0.005 -12"><span class='ocrx_word' id='word_1_262' title='bbox 390 4602 401 4636; x_wconf 76' lang='lat'>²</span> <span class='ocrx_word' id='word_1_263' title='bbox 418 4604 479 4665; x_wconf 81' lang='lat' dir='ltr'>acti,</span> <span class='ocrx_word' id='word_1_264' title='bbox 495 4603 525 4661; x_wconf 86' lang='lat' dir='ltr'>V,</span> <span class='ocrx_word' id='word_1_265' title='bbox 538 4603 574 4663; x_wconf 85' lang='lat' dir='ltr'>Z;</span> <span class='ocrx_word' id='word_1_266' title='bbox 591 4602 667 4663; x_wconf 69' lang='lat' dir='ltr'>siriaci,</span> <span class='ocrx_word' id='word_1_267' title='bbox 679 4598 713 4661; x_wconf 84' lang='lat' dir='ltr'>L,</span> <span class='ocrx_word' id='word_1_268' title='bbox 726 4600 758 4652; x_wconf 82' lang='lat' dir='ltr'>G.</span> <span class='ocrx_word' id='word_1_269' title='bbox 898 4647 902 4655; x_wconf 89' lang='grc'>,</span> <span class='ocrx_word' id='word_1_270' title='bbox 941 4600 951 4630; x_wconf 83' lang='lat'>⁶</span> <span class='ocrx_word' id='word_1_271' title='bbox 967 4598 1115 4664; x_wconf 81' lang='lat' dir='ltr'>pericnlum,</span> <span class='ocrx_word' id='word_1_272' title='bbox 1128 4600 1160 4652; x_wconf 89' lang='grc' dir='ltr'>Ο.</span> 
     </span>
     <span class='ocr_line' id='line_1_38' title="bbox 390 4677 1117 4745; baseline -0.001 -13"><span class='ocrx_word' id='word_1_273' title='bbox 390 4683 401 4717; x_wconf 82' lang='lat'>³</span> <span class='ocrx_word' id='word_1_274' title='bbox 418 4681 507 4745; x_wconf 78' lang='lat' dir='ltr'>Latio,</span> <span class='ocrx_word' id='word_1_275' title='bbox 519 4680 551 4734; x_wconf 80' lang='lat' dir='ltr'>L.</span> <span class='ocrx_word' id='word_1_276' title='bbox 898 4689 904 4702; x_wconf 82' lang='lat'><em>⁰</em></span> <span class='ocrx_word' id='word_1_277' title='bbox 940 4677 950 4709; x_wconf 85' lang='lat'><strong>⁶</strong></span> <span class='ocrx_word' id='word_1_278' title='bbox 967 4678 1074 4740; x_wconf 79' lang='lat' dir='ltr'>Nostro,</span> <span class='ocrx_word' id='word_1_279' title='bbox 1085 4679 1117 4731; x_wconf 92' lang='grc' dir='ltr'>Ο.</span> 
     </span>
    </p>
   </div>
   <div class='ocr_carea' id='block_1_6' title="bbox 0 0 1644 5662">
    <p class='ocr_par' dir='ltr' id='par_1_9' title="bbox 0 0 1644 5662">
     <span class='ocr_line' id='line_1_39' title="bbox 0 0 1644 5662; baseline 0 4"><span class='ocrx_word' id='word_1_280' title='bbox 0 0 1644 5662; x_wconf 95' lang='lat' dir='ltr'> </span> 
     </span>
    </p>
   </div>
  </div>
 </body>
</html>
