3278 5662
351 766 416 829 306
801 779 978 831 amareris.
1207 765 1286 848 [an.
1305 762 1401 832 1170.

356 970 419 1036 hoc
442 970 594 1035 dominus
627 990 714 1055 papa
745 971 902 1036 mandato
936 972 1064 1047 iterato,
1088 974 1123 1036 et
1144 974 1225 1035 sunt
1257 968 1403 1056 prohibi·

358 1071 451 1137 toriae
485 1071 557 1156 ejus
590 1070 626 1134 in
660 1091 768 1157 regno.
827 1070 925 1152 Quas,
949 1071 979 1135 si
1009 1070 1174 1157 porrigere
1204 1069 1404 1135 cessaverint

356 1170 414 1237 alii
453 1176 488 1236 et
519 1171 655 1237 advos
689 1173 909 1257 pervenerint,
943 1171 1124 1236 induantur
1156 1191 1265 1257 quaeso
1299 1167 1403 1255 aliqui

359 1277 505 1338 vestrum
544 1272 670 1339 virtute
708 1289 749 1338 ex
788 1273 856 1338 alto
894 1278 934 1339 ut
972 1295 1025 1339 eas
1057 1274 1236 1360 porrigant,
1270 1273 1333 1339 Dei
1368 1279 1402 1337 et

352 1375 471 1440 summi
503 1374 668 1461 pontificis
691 1376 889 1441 auctoritaie
923 1375 1141 1461 prohibentes,
1165 1376 1266 1441 etiam
1301 1375 1403 1440 inter-

354 1477 463 1563 posita
493 1477 713 1562 appellatione
736 1478 765 1541 si
799 1499 881 1562 opus
913 1477 1021 1556 fuerit,
1046 1500 1088 1544 ne
1120 1483 1252 1544 tantum
1284 1477 1403 1563 praeju-

354 1580 476 1646 dicium
498 1584 621 1645 sanctae
644 1579 876 1645 Cantuariensi
899 1579 1063 1647 ecclesiae1
1093 1578 1298 1659 inferatur&
1321 1601 1403 1666 prae·

354 1681 466 1746 sertim
489 1702 565 1748 cum
589 1681 682 1747 ised
705 1703 801 1767 quem
825 1678 959 1768 spectat,
977 1683 1129 1748 dominus
1146 1681 1401 1759 Cantuariensis,

350 1787 485 1869 paratus
500 1784 545 1849 sit
566 1782 629 1848 hoc
650 1783 793 1869 implere.
833 1784 1057 1850 Nihilominus
1073 1786 1101 1850 si
1118 1806 1172 1851 eas
1194 1786 1230 1849 in
1253 1784 1401 1850 haudem

358 1884 500 1952 ecclesiae
526 1886 742 1971 suppresserit
764 1885 884 1971 aliquis
915 1893 955 1952 ut
977 1888 1019 1952 ad
1041 1908 1101 1952 vos
1132 1887 1304 1973 pervenire
1336 1907 1403 1952 non

363 1986 505 2063 valeant,
529 2006 589 2052 ros
611 1991 733 2065 tamen,
756 1986 797 2052 de
820 1987 935 2054 divina
950 1988 1172 2054 misericordia
1194 1988 1402 2064 confidentes,

353 2087 608 2173 prohibitionem
640 2093 675 2152 et
705 2088 960 2174 appellationem
992 2090 1035 2156 ad
1066 2089 1321 2175 propulsandam
1352 2091 1403 2154 in·

347 2189 472 2274 jurium
514 2189 741 2255 imminentem
792 2193 998 2278 interponere
1048 2212 1115 2257 non
1153 2193 1321 2269 differatis,
1368 2200 1402 2259 et

352 2293 505 2358 omnibus
527 2292 671 2361 ecclesias
691 2299 811 2361 vestrae
843 2295 1067 2382 suffraganeis,
1089 2296 1287 2363 auctoritate
1316 2297 1402 2362 sedis

357 2395 554 2481 apostolicae,
589 2396 764 2483 praecipere
787 2402 826 2462 ut
857 2398 1064 2483 praesentiam
1088 2418 1181 2463 suam
1213 2398 1291 2464 huic
1313 2400 1402 2485 operi

351 2497 557 2574 subtrahant,
589 2505 624 2563 et
651 2497 852 2584 prejudicio
888 2500 1004 2565 matris
1039 2522 1107 2566 sure
1144 2499 1236 2566 nulla
1269 2509 1401 2587 prorsus

354 2598 482 2665 ratione
505 2599 753 2666 communicent.
802 2599 950 2682 Quodsi
984 2601 1078 2668 vobis
1100 2602 1287 2668 tacentibus
1317 2625 1400 2690 proe-

315 2784 318 2793 Ι
351 2707 520 2789 sumptum
562 2701 672 2779 fuerit,
710 2702 763 2769 cui
797 2703 839 2768 de
882 2709 999 2770 caetero
1045 2705 1168 2789 poterit
1214 2706 1402 2791 persuaderi

354 2803 461 2870 zelum
484 2824 551 2870 non
582 2803 724 2890 periisse,
748 2808 783 2868 et
804 2803 976 2871 caritatem
998 2826 1066 2870 non
1089 2827 1158 2871 esse
1181 2807 1402 2873 exstinctam?

350 2904 406 2973 Sic
427 2926 496 2971 non
517 2910 568 2971 est
591 2905 627 2970 in
643 2904 736 2972 vobis
759 2895 878 2992 aliquis
894 2907 950 2993 qui
973 2928 1040 2974 non
1056 2907 1156 2973 faciat
1177 2909 1401 2994 pretiosiorem

354 3012 618 3074 momentaneam
651 3007 757 3074 vitam
789 3027 887 3093 quam
923 3008 1060 3074 salutem
1096 3008 1238 3075 ecclesiae
1269 3032 1338 3076 suae
1369 3019 1402 3079 et

351 3131 503 3177 coronam
537 3109 687 3195 justitiae.
735 3107 813 3175 Non
850 3109 938 3175 enim
977 3131 1065 3176 nunc
1102 3132 1123 3176 a
1160 3111 1254 3177 robis
1292 3119 1402 3180 vestra

350 3217 553 3301 quaeruntur,
576 3212 633 3277 sed
664 3216 703 3276 ut
737 3232 796 3276 vos
819 3211 962 3278 doceatis
996 3211 1060 3277 Dei
1091 3233 1159 3278 esse
1193 3214 1334 3281 cultores
1367 3222 1401 3282 et

356 3312 498 3382 ecclesiae
540 3312 634 3377 filios.
696 3311 771 3378 Hac
808 3313 934 3379 virtute
981 3315 1192 3399 procedentes
1235 3317 1401 3382 redimetis

349 3418 497 3494 offensas,
521 3420 556 3480 et
589 3419 658 3480 tam
691 3415 863 3501 perspicua
894 3415 1013 3482 caritas
1045 3416 1293 3483 multitudinem
1328 3440 1401 3504 quse

351 3521 588 3605 praecesserunt
610 3516 735 3602 operiet
766 3521 980 3603 peccatorum.
1028 3517 1085 3583 Eis
1117 3524 1229 3585 tamen
1261 3518 1318 3605 qui
1350 3520 1401 3584 in·

357 3621 504 3708 spirante
538 3617 670 3685 Christo
693 3625 894 3686 armaturam
927 3619 989 3685 zeli
1023 3619 1270 3707 assumpserint,
1292 3622 1401 3687 induti

348 3743 408 3810 pro
432 3722 564 3789 thorace
593 3721 767 3807 justitiam,
792 3728 826 3787 et
859 3743 919 3808 pro
950 3722 1044 3809 galea
1072 3723 1237 3809 judicium
1268 3728 1401 3802 eertum,

352 3827 421 3892 dux
445 3831 480 3891 et
512 3828 621 3891 custos
644 3822 752 3890 aderit
774 3823 881 3889 fidelis
912 3824 1011 3902 Deus,
1035 3825 1093 3910 qui
1116 3846 1170 3890 eos
1192 3845 1293 3911 supra
1314 3826 1400 3892 vires

353 3928 475 3996 tentari
498 3948 565 3993 non
592 3927 759 4015 patietur3
787 3928 844 3992 sed
868 3948 1002 4012 eaquae
1034 3949 1123 3994 nunc
1154 3926 1310 3992 videntur
1340 3928 1401 3992 im·

269 4015 271 4019 ή
350 4031 476 4097 minere
498 4029 643 4117 pericula
677 4027 713 4093 in
735 4049 847 4094 veram
881 4048 1003 4115 pacem,
1026 4028 1157 4115 plenam
1180 4029 1401 4110 securitatem,

350 4137 385 4200 et
406 4137 599 4220 perpetuam
622 4129 760 4218 gloriam
782 4130 1007 4196 commutabit.
1053 4130 1142 4196 Nam
1157 4130 1310 4196 dominus
1333 4154 1401 4212 rex,

348 4234 506 4323 quioquid
529 4234 708 4321 loquantur
721 4231 880 4310 homines,
896 4230 953 4298 se3
974 4233 1127 4298 meminit
1148 4253 1217 4297 esse
1240 4233 1398 4299 christum

381 4514 523 4573 ¹ecclcrioe,
535 4529 584 4562 om.
598 4513 632 4561 V.
874 4512 878 4617 Ι
931 4506 981 4558 ἐἰ
997 4525 1023 4557 se
1041 4509 1184 4570 meminerit,
1201 4510 1232 4570 L,
1248 4511 1289 4569 (ἒς
1307 4510 1398 4573 stom.

379 4594 562 4658 2inseratur.
587 4626 593 4641 .
619 4625 625 4640 .
646 4588 847 4643 Caesariensis,
875 4628 878 4661 Ι
900 4590 932 4650 0,
944 4590 1028 4649 V‚Z;
1046 4592 1159 4649 munic,
1172 4592 1200 4640 Z.

345 4674 429 4739 O,G;
447 4688 498 4724 om.
509 4672 539 4720 L.
875 4670 878 4717 l
