3278 5662
808 806 986 858 mrsrorn.
1223 790 1302 878 [nn.
1320 792 1419 864 1173.

773 1173 996 1242 DGOXOIH.

386 1325 581 1391 Aruernus
605 1324 841 1390 Laxovmnms
864 1340 1049 1391 mrscorus
1072 1341 1120 1390 su
1142 1326 1396 1392 Armanosmr

826 1440 950 1493 rrrsn.

738 1577 779 1639 (J.
790 1582 839 1638 6⁸5
857 1577 961 1631 Amuli.
973 1581 1028 1641 65.)

406 1703 546 1769 Felicem
569 1725 622 1768 me
644 1707 680 1768 et
702 1705 793 1769 omni
816 1705 977 1771 donatum
1001 1705 1211 1771 beatitudine
1229 1706 1416 1791 judicarem

191 1799 311 1898 ⁸32⁸ss„
361 1804 400 1881 si,
423 1805 477 1869 vel
499 1805 600 1870 semel
622 1804 740 1882 adhuc,
775 1807 894 1872 moad
927 1806 1106 1873 videndam
1129 1807 1246 1873 faciem
1270 1813 1418 1872 vestram

259 1930 272 1963 e
360 1906 492 1970 bonitas
530 1906 646 1970 divina
690 1907 893 1992 perduceret,
928 1914 967 1972 ut
1012 1908 1276 1974 desiderantibus
1313 1906 1419 1975 oculis

191 1997 295 2029 ⁰⁰¹⁰·
361 2006 474 2071 vultus
497 2009 601 2073 vestri
623 2008 782 2074 serenitas
812 2008 1023 2086 illucesceret,-
1046 2013 1082 2074 et
1102 2009 1293 2076 ariditatem
1308 2028 1418 2073 meam

359 2107 520 2192 copiosior
558 2108 599 2173 de
645 2109 796 2195 proximo
841 2109 1082 2175 benedictionis
1129 2117 1248 2176 vestrae
1293 2110 1418 2196 rigaret

359 2211 502 2276 ubertas.
551 2209 617 2274 Sed
640 2231 692 2274 me
716 2208 812 2274 tum1
835 2211 1024 2296 provectior
1046 2216 1147 2288 aetas,
1170 2217 1243 2276 tum
1269 2210 1417 2276 fortuitae

360 2312 542 2377 debilitatis
565 2311 819 2388 incommodum,
843 2316 917 2375 tum
943 2311 1017 2398 ipsa
1039 2312 1151 2377 reddit
1173 2312 1318 2378 locorum
1350 2312 1417 2376 dis·

359 2414 469 2479 tantia
491 2413 712 2499 desperatum,
746 2412 825 2498 quia
859 2412 903 2478 ad
932 2418 983 2478 tot
1015 2413 1236 2501 peragrandas
1267 2415 1417 2500 regiones

360 2515 446 2581 forte
468 2535 530 2581 nec
552 2519 684 2599 tempus
711 2514 857 2599 spatium
890 2534 951 2580 nec
972 2514 1159 2600 potentiam
1190 2514 1344 2580 debilitas
1366 2516 1416 2579 in-

337 2615 519 2701 dulgeret.
566 2614 665 2680 Facio
688 2614 825 2679 interim
849 2613 938 2698 quod
962 2634 1106 2700 possum,
1128 2619 1164 2679 et
1197 2621 1323 2681 remoto
1346 2636 1415 2682 cor-

362 2735 591 2801 poresemper
605 2714 701 2780 vobis
724 2714 887 2779 instantia
909 2713 1058 2780 sollicitae
1082 2715 1267 2780 devotionis
1282 2717 1418 2794 assistit,

361 2822 396 2881 et
429 2816 472 2882 ad
504 2820 612 2881 status
644 2815 747 2880 vestri
785 2815 1039 2906 prosperitatem
1074 2824 1108 2880 et
1141 2836 1257 2902 paoem
1294 2822 1418 2883 sanctae

363 2917 520 2983 Romanae
543 2916 686 2983 ecclesiae
722 2916 976 3002 perquirendam
1010 2916 1046 2981 in
1069 2918 1159 2981 omni
1182 2918 1262 2996 loco,
1286 2919 1415 3004 quoties

361 3020 504 3106 refulget
541 3019 676 3098 occasio,
709 3022 883 3104 promptus
917 3025 951 3083 et
979 3018 1085 3084 fidelis
1120 3041 1262 3088 occurro.
1307 3021 1416 3105 Siqui-

361 3122 495 3187 demin
519 3119 808 3186 omnibusvestra
840 3140 891 3184 me
926 3141 1053 3205 semper
1075 3126 1110 3185 et
1143 3122 1416 3207 praedecessorum

361 3229 546 3289 vestrorum
578 3222 687 3308 gretia
718 3219 821 3288 fecit²
843 3226 878 3286 et
899 3220 1116 3287 beneficentia
1143 3223 1334 3300 debitorem,
1368 3223 1418 3288 ni·

360 3324 472 3409 lrilque
511 3323 596 3387 mihi
633 3321 803 3387 molestius
841 3327 893 3386 est
930 3343 1029 3407 quarn
1068 3323 1157 3407 quod
1196 3344 1292 3389 omne
1329 3323 1418 3409 quod

360 3448 493 3511 possum
531 3425 574 3491 ad
613 3424 743 3489 debitas
775 3425 958 3511 gratiarum
998 3446 1066 3490 non
1103 3424 1225 3492 sufficit
1263 3427 1419 3493 actiones.

362 3527 486 3592 Verum
510 3530 634 3611 quanto
658 3524 777 3589 merita
798 3545 873 3589 mea
895 3525 1025 3590 minora
1048 3531 1136 3602 sunt,
1160 3531 1258 3591 tanto
1285 3527 1418 3591 animus

360 3627 404 3692 ad
443 3625 689 3710 obsequendum
727 3624 919 3710 propensior
958 3630 1017 3702 cst,
1052 3629 1148 3692 tanto
1182 3626 1337 3692 obnixior
1374 3628 1417 3693 ad

361 3726 536 3813 agendum,
581 3732 620 3790 nt
664 3724 789 3791 scilicet
827 3725 1032 3810 impotentiae
1070 3727 1237 3793 defectum
1283 3728 1418 3795 devotio

361 3827 522 3913 suppleat,
553 3846 635 3910 quse,
668 3823 856 3910 ubicunque
878 3826 1005 3891 sincera
1038 3830 1090 3891 est
1123 3828 1261 3893 rectiore
1288 3827 1416 3913 judicio

361 3927 510 4013 quolibet
531 3948 626 4012 opere
650 3926 749 3991 debet
770 3926 934 4012 acceptior
957 3926 1122 3993 aestimari.
1168 3926 1335 3995 Viderunt
1356 3929 1418 3996 hoc

191 4054 248 4105 The
360 4031 462 4116 legati
495 4029 599 4094 vestri
633 4049 855 4113 quoscumque
887 4028 931 4093 ab
953 4028 1051 4094 initio
1082 4028 1126 4094 ad
1156 4034 1266 4114 partes
1289 4039 1419 4097 nostras

191 4121 299 4199 writers
361 4134 471 4196 vestra
506 4128 689 4195 destinavit
720 4128 910 4204 auctoritas,
944 4128 1107 4214 fidemque
1141 4133 1176 4194 et
1210 4129 1417 4217 diligentiam

191 4203 340 4318 3330?th
361 4253 468 4299 meam
516 4229 727 4296 evidentibus
766 4251 875 4295 rerum
913 4231 1118 4315 argumentis
1155 4231 1284 4317 experti
1328 4238 1417 4310 sunt,

191 4319 241 4394 ¹¹}st
253 4320 321 4384 ¹⁰8⁸·
360 4334 446 4400 sicut
461 4332 562 4398 etiam
585 4330 705 4396 litteris
721 4351 833 4396 eorum
849 4331 906 4415 qui
921 4331 1098 4396 novissime
1113 4337 1276 4396 venerunt
1298 4338 1419 4399 vestra

190 4392 251 4434 ‘¹⁰⁰'
360 4433 471 4520 potuit
493 4433 695 4498 innotescere
711 4429 885 4515 majestati.
933 4430 1105 4516 Siquidem
1127 4451 1202 4497 cum
1225 4438 1417 4519 eapropter

392 4688 511 4749 Μυκη]
521 4707 528 4747 ;
546 4702 609 4749 cun,
621 4687 653 4740 G.
881 4685 887 4754 Ι
947 4686 1093 4751 ’serim
1103 4688 1186 4753 faeie,
1199 4686 1231 4739 G.
