3278 5662
230 802 294 854 sn.
316 789 422 871 Iltu]
663 802 842 852 urrsroura.

656 1118 843 1188 DOXXXI.

230 1273 451 1338 Anamunna
483 1286 571 1338 raes
600 1273 768 1338 Romouo
798 1273 1078 1337 Rocnomomsr
1100 1285 1279 1337 securum-

342 1391 447 1440 scoro
471 1392 513 1440 ur
535 1377 729 1441 Bassiano
753 1374 975 1440 ernnunusr
1000 1389 1166 1439 uersooro.

290 1521 338 1584 (A.
350 1527 399 1584 4³3
418 1524 448 1576 0.
460 1523 485 1575 ii.
498 1527 546 1584 873
564 1526 611 1574 W.
624 1540 648 1589 p.
663 1527 725 1585 1353
761 1524 787 1573 Z.
800 1539 823 1572 ν.
837 1528 867 1582 5;
885 1523 949 1587 Imp.
962 1538 986 1572 v.
998 1527 1030 1582 5;
1047 1522 1138 1574 Thom.
1151 1525 1217 1582 aas,

638 1603 762 1664 Iiverani,
775 1620 798 1667 p.
811 1606 881 1666 54⁵.)

277 1726 471 1806 Quoniam
463 1752 498 1795 m
521 1731 596 1798 aliis
628 1731 758 1807 litteris,
781 1750 863 1815 quas
886 1729 981 1794 vobis
1014 1749 1113 1814 super
1144 1726 1353 1843 negotioreb·
1366 1732 1407 1780 28·

231 1830 427 1895 venerabilis
460 1831 571 1897 fratris
602 1833 707 1899 nostri
730 1831 864 1897 Thomae
894 1829 1142 1897 Oantuariensis
1170 1829 1278 1895 archi·
1289 1794 1446 1925 mamphul-

232 1931 374 2015 episcopi
407 1931 655 2009 destinavimus,
678 1933 719 1997 de
742 1931 1035 1998 excommunicatis
1056 1931 1124 1995 suis
1146 1951 1277 2016 expres·
1289 1940 1436 2043 iwa-

232 2052 304 2096 sum
328 2032 518 2098 discretioni
533 2039 651 2099 vestrae
667 2033 862 2099 mandatum
877 2054 937 2097 nos
952 2032 1080 2098 dedisse
1096 2031 1278 2109 recolimus,

233 2139 271 2197 ut
293 2152 356 2208 eos,
380 2140 469 2199 certa
491 2156 548 2221 spe
580 2135 670 2221 pacis
693 2131 873 2219 concepta,¹
904 2133 1067 2198 deberetis
1088 2133 1279 2213 absolvere;

231 2236 435 2303 fraternitati
450 2245 569 2304 vestrae
592 2260 651 2324 per
673 2239 793 2304 iterata
815 2237 938 2323 scripta
960 2237 1155 2303 mandamus
1177 2243 1278 2323 atque

232 2339 451 2424 praecipimus,
476 2338 662 2425 quatenus²
694 2339 722 2404 si
754 2360 808 2404 eos
842 2360 900 2424 per
922 2359 982 2403 vos
1012 2338 1141 2404 absolvi
1173 2340 1278 2405 conti·

231 2442 325 2525 gerit,
356 2442 444 2527 ipsos
475 2434 655 2507 secundum
693 2439 835 2507 ecclesie
871 2440 1031 2506 Romanae
1068 2440 1206 2506 formam
1244 2447 1279 2506 et

233 2542 504 2607 consuetudinem
541 2541 729 2607 absolvatis
798 2540 869 2605 Illis
906 2545 1019 2606 autem
1057 2542 1115 2627 qui
1146 2542 1278 2627 praefati

232 2642 467 2728 archiepiscopi
493 2640 571 2708 vel³
594 2642 774 2708 commissae
797 2640 860 2706 sibi
884 2641 1027 2707 ecclesiae
1050 2642 1278 2727 possessiones,

232 2744 302 2807 sive
325 2743 516 2810 clericorum
539 2765 672 2810 suorum
694 2743 853 2810 beneficia
875 2743 1114 2819 detinuerunt,⁴
1136 2749 1171 2809 et
1192 2744 1279 2811 fruc·

233 2851 288 2909 tus
311 2845 412 2910 etiam
435 2846 675 2933 perceperunt'⁵
696 2843 772 2910 vel⁶
794 2844 903 2911 adhuc
936 2844 1090 2910 detinent
1111 2844 1181 2910 sive
1204 2866 1279 2930 per·

233 2948 370 3032 cipiunt,
393 2944 449 3013 et⁷
479 2947 623 3013 maxime
647 2946 835 3032 G[auirido]
859 2944 1112 3011 archidiacone⁸
1133 2945 1279 3012 Cantua·

232 3049 341 3126 riensi,
372 3051 399 3113 si
432 3049 541 3134 ipsum
572 3048 742 3115 ecclesiam
773 3047 814 3112 de
845 3045 1023 3113 Ottesord⁰
1054 3070 1113 3134 per
1143 3069 1278 3114 manum

232 3149 348 3214 laicam
385 3149 483 3232 (sicut
514 3149 715 3232 audivimus)
748 3148 869 3234 cepisse
892 3153 927 3213 et
949 3155 1061 3214 tenere
1083 3149 1278 3228 eonstiterit,

233 3250 325 3315 nulla
348 3250 476 3315 ratione
507 3248 725 3315 absolutionis
757 3248 951 3316 beneficium
982 3249 1191 3336 indulgeatis,
1214 3250 1279 3315 nisi

232 3352 324 3436 prius
355 3351 450 3416 vobis
459 3349 486 3389 ¹⁰
508 3351 694 3416 cautionem
726 3349 942 3417 sufficientem
974 3349 1163 3428 exhibeant,
1190 3352 1279 3439 quod

232 3457 412 3517 memorato
444 3451 687 3537 archiepiscopo
724 3453 883 3518 beneficia
917 3473 992 3537 quae
1024 3452 1176 3518 detinent
1208 3454 1279 3519 sine

233 3553 391 3618 dilatione
415 3551 626 3629 restituent,¹¹
657 3558 692 3617 et
715 3553 841 3617 fructus
864 3552 940 3619 inde
963 3559 1133 3640 perceptos
1155 3540 1280 3640 absque

232 3655 453 3719 diminutione
475 3652 699 3739 persolvent.¹²
744 3653 840 3733 Quod
863 3653 892 3717 si
915 3659 990 3738 post
1011 3655 1198 3720 cautionem
1221 3679 1277 3721 ex·

232 3754 374 3819 hibitam
396 3760 431 3821 et
453 3753 692 3844 absolutionem
714 3758 880 3839 acceptam
902 3752 1080 3839 adimplere
1102 3754 1279 3834 noluerint,

232 3876 291 3920 vos
313 3855 400 3940 ipsos
411 3853 438 3894 ¹³
460 3855 495 3919 in
518 3855 663 3940 priorem
696 3852 1045 3921 excommunicationis
1069 3856 1278 3934 sententiam,

236 3994 308 4001 ...-—.
719 3993 738 4000 ς
746 3993 756 3999 -
767 3992 891 3999 -———-—-·

264 4053 272 4084 ¹
291 4059 403 4118 accepta,
414 4051 465 4109 Ψ,
478 4052 505 4101 Ζ.
813 4049 824 4081 ’
843 4048 978 4113 Oceejbrd,
988 4048 1102 4100 Limne
1113 4066 1182 4102 some
1193 4052 1279 4117 copies

263 4129 364 4195 ²quod,
376 4130 407 4179 0.
781 4126 810 4176 ol
821 4127 894 4191 Lup,
904 4125 978 4177 while
987 4127 1072 4178 others
1083 4129 1145 4178 read
1154 4127 1279 4194 otforda

263 4210 274 4241 ³
291 4214 344 4269 out,
356 4208 386 4257 L.
784 4201 914 4268 otteford,
925 4203 960 4263 V,
971 4204 999 4254 Ζ.

263 4288 274 4318 ⁴
291 4286 458 4346 detinuerant,
469 4284 521 4338 ν’.
815 4281 835 4313 ¹⁰
852 4279 932 4340 cotie,
943 4294 993 4330 om.
1005 4280 1042 4340 Βς
1059 4279 1139 4342 nobie,
1149 4281 1206 4335 nv.

263 4365 274 4396 ⁵
288 4364 455 4429 perceperint,
466 4363 518 4413 Ψ.
814 4358 832 4392 ¹¹
849 4359 995 4420 restituunt,
1006 4358 1040 4421 A,
1050 4357 1081 4409 L.

264 4442 448 4505 maome.
647 4457 650 4463 ·
814 4436 873 4486 ¹²⁶2
891 4471 899 4487 ·
917 4470 925 4487 ·
942 4434 1142 4502 „aarum
1159 4439 1280 4501 owe

263 4522 274 4560 t
292 4530 323 4582 ει,
335 4537 385 4572 om,
395 4521 426 4573 1,
777 4513 929 4582 perusium,
940 4514 970 4566 L

263 4601 274 4630 ⁰
295 4599 489 4648 Cantaurieneie
528 4595 731 4658 archidiaconus,
814 4595 834 4628 ¹³
852 4595 887 4648 So
899 4595 951 4656 Ψ,
963 4594 999 4655 Ζ;
1016 4595 1083 4659 illue,
1094 4597 1129 4658 Δ,
1139 4597 1171 4649 Ia.
