3278 5662
351 774 416 839 238
789 790 966 841 1111110111.
1208 777 1289 862 [nu.
1309 776 1404 846 1170.

351 978 472 1044 litteris
495 979 625 1046 fecisset
648 981 810 1048 certiores.
868 981 1020 1053 Misimus
1050 1001 1127 1067 ergo
1151 980 1404 1046 dilectissimum

350 1080 457 1146 filiurn
481 1082 652 1160 nostrum,l
675 1082 903 1149 fidelissimum
920 1083 1023 1160 vobis,
1039 1088 1073 1148 et
1094 1104 1154 1168 per
1175 1083 1287 1149 omnia
1309 1082 1405 1148 nobis

351 1185 525 1270 probatum
559 1186 753 1272 participem
785 1186 1012 1252 tribulationis
1044 1191 1175 1263 nostrae‚
1207 1184 1403 1270 magistrum

354 1285 584 1365 Lombardum,
607 1289 664 1373 qui
700 1288 849 1354 miserias
883 1292 1014 1354 nostras
1051 1292 1086 1352 et
1117 1287 1222 1373 partis
1255 1287 1404 1353 sdversae

352 1387 514 1453 malitiam
544 1390 735 1475 plenissime
758 1390 864 1467 novit,
887 1395 924 1455 et
949 1411 988 1455 ea
1011 1411 1084 1475 quse
1108 1390 1146 1453 in
1168 1389 1304 1456 ecclesis
1326 1388 1404 1454 Gal-

351 1490 459 1555 licsne
480 1491 637 1557 dicuntur
660 1493 700 1557 de
724 1492 776 1557 bis
799 1515 873 1578 quse
892 1497 1007 1558 contra
1029 1513 1090 1557 nos
1106 1492 1192 1556 fiunt
1214 1490 1403 1557 fidelissime

350 1593 476 1657 referet.
534 1593 570 1659 Si
594 1594 712 1680 placet,
735 1595 845 1680 ipsum
868 1595 956 1662 sicut
978 1616 1038 1660 nos
1063 1595 1152 1680 ipsos
1174 1595 1301 1670 audite,
1325 1595 1404 1680 quic

351 1693 477 1760 fidelior
511 1694 606 1760 vobis
644 1701 679 1761 et
701 1696 854 1774 ecclesiae,
888 1697 1051 1782 nobisque
1088 1695 1297 1773 commodior,
1336 1716 1404 1760 non

351 1798 461 1883 potuit
483 1798 635 1863 inveniri.
680 1799 805 1866 Audite
831 1821 917 1886 ergo,
938 1800 967 1865 si
989 1800 1109 1886 placet,
1125 1800 1215 1865 hune
1238 1798 1404 1865 conscien-

351 1901 408 1965 tise
443 1907 564 1967 nostroe
595 1907 722 1979 testem,
755 1903 960 1968 miseriarum
994 1903 1140 1969 ecclesiae
1176 1903 1404 1988 inspectorem,

333 2008 543 2088 ‚assertorem
574 2004 735 2081 veritatis,
759 2010 938 2070 amatorem
966 2004 1120 2089 justitiae,
1144 2008 1180 2070 et
1214 2002 1403 2091 spostolicee

350 2103 436 2167 sodis
458 2104 579 2170 effectu
602 2111 637 2171 et
659 2105 835 2171 devotione
858 2104 966 2171 filium
999 2105 1280 2191 probatissimum,
1305 2125 1402 2189 quem

351 2206 515 2271 mittimus
537 2213 577 2273 ut
597 2208 713 2274 saltem
738 2230 796 2294 per
810 2230 887 2274 eum
909 2209 1067 2274 solatium
1091 2207 1279 2274 conferatur
1301 2207 1401 2273 eccle-

350 2308 408 2372 siae
431 2308 633 2394 Anglicsnes,
658 2331 732 2395 quae
763 2311 810 2376 sic
840 2316 1017 2376 attenuate
1047 2315 1098 2375 est
1130 2314 1164 2375 et
1195 2307 1343 2375 afflictar
1364 2313 1404 2375 ut

351 2409 391 2473 de
415 2415 532 2475 caetero
555 2411 767 2477 necessitates
797 2433 874 2478 suas
900 2412 1096 2477 nuntiorum
1121 2410 1325 2476 discursibus
1347 2430 1402 2475 ex·

352 2531 471 2596 ponere
488 2599 491 2602 .
509 2519 660 2598 nequest,
695 2515 753 2579 sed
788 2514 848 2579 soli
887 2515 958 2580 Deo
993 2519 1131 2600 cogetur
1164 2533 1331 2598 exponere
1370 2516 1404 2577 et

351 2614 555 2678 committere
578 2635 710 2680 causam
741 2636 842 2680 susm.
905 2615 1136 2681 Persecutores
1170 2613 1316 2680 ecclesise
1347 2633 1405 2677 ex·

352 2720 504 2800 spectent
538 2721 572 2781 et
610 2717 801 2782 desiderant
844 2717 948 2803 (quod
982 2717 1030 2782 eis
1069 2715 1196 2781 Divina
1228 2713 1405 2779 subtrahet

353 2818 522 2883 miseratio
536 2818 556 2900 1)
581 2817 694 2883 videre
720 2817 869 2882 fidelium
892 2818 1082 2904 lugentium
1106 2817 1142 2881 in
1165 2816 1310 2882 transitu
1332 2836 1405 2880 ues-

354 2924 405 2984 tro
428 2919 582 2996 dolorem,
605 2925 645 2984 ut
667 2926 744 3005 post
771 2919 842 2985 dies
866 2925 994 2984 vestros
1025 2918 1194 2985 ecelesiam
1225 2917 1405 3002 subjiciant

353 3021 520 3097 servituti,
558 3021 690 3085 nemine
728 3020 984 3086 contradicente.
1046 3019 1095 3085 Eo
1127 3019 1217 3083 enim
1250 3018 1403 3092 tendunt,

353 3145 435 3207 quas
457 3128 572 3188 contra
594 3122 703 3186 Deum
726 3126 762 3186 et
785 3121 955 3207 justitiam
987 3119 1291 3206 ejus³imp10rant
1322 3119 1404 3185 dils-

353 3225 468 3289 tiones
517 3223 582 3287 Sed
614 3223 730 3287 divina
753 3223 909 3288 discretio
932 3229 1052 3298 vestra,
1073 3227 1169 3308 pater
1190 3221 1405 3297 sanctissime,

354 3325 533 3390 studiosius
561 3324 759 3408 providebit,
784 3329 925 3390 utente
950 3324 1079 3389 exitum
1101 3324 1182 3388 vitae
1204 3327 1316 3388 tantas
1343 3344 1403 3408 pu-

354 3428 425 3492 niet
456 3425 677 3502 enormitates,
712 3447 753 3489 ne
788 3425 828 3491 de
866 3426 997 3510 injuriae
1034 3425 1098 3491 Dei
1131 3423 1397 3489 dissimulatione

355 3534 492 3612 cogatur
514 3527 549 3590 in
573 3527 625 3591 die
644 3527 765 3612 judicii
788 3527 923 3593 reddere
946 3528 1114 3593 rationem.

388 3751 396 3783 ¹
415 3757 529 3807 restrum,
541 3750 571 3798 L.
937 3749 948 3782 ³
966 3749 1029 3813 ejus,
1040 3764 1089 3800 om.
1103 3746 1137 3799 L.

389 3830 400 3863 ‘²
416 3834 439 3878 11
452 3828 560 3890 efflicte,
571 3844 621 3879 om.
634 3828 664 3877 L.
