3278 5662
197 790 263 842 nn.
281 772 391 857 1170.]
638 788 818 837 arrsroma.
1190 771 1255 843 247

197 976 297 1056 deret,
322 1001 382 1043 rex
412 978 474 1042 sub
508 984 674 1065 praetextu
710 979 824 1065 negati
850 977 952 1043 osculi
977 977 1164 1043 crederetur
1195 999 1253 1042 ex·

197 1085 328 1165 emptus
366 1080 521 1147 infamiae.
583 1081 712 1146 Redeat
749 1082 785 1145 in
825 1086 971 1146 mentem
1006 1080 1171 1145 Robertus
1210 1076 1381 1196 deli8165'

198 1182 341 1260 Silliac0,
363 1190 397 1248 ct
420 1185 477 1248 alii
512 1184 569 1269 qui
597 1206 655 1269 per
689 1205 825 1249 manum
851 1182 1126 1249 Christianissirni
1163 1182 1250 1270 regis
1315 1184 1320 1196 ’

196 1307 270 1349 cum
294 1308 331 1350 co
356 1308 470 1371 pacem
494 1288 654 1361 fecerunt,
671 1288 792 1371 quibus
816 1288 845 1350 si
870 1309 930 1352 nec
955 1287 1101 1353 osculum
1117 1286 1248 1372 publice

198 1387 323 1464 datum,
346 1410 405 1453 nec
429 1389 518 1452 tanti
542 1390 734 1453 mediatoris
757 1390 947 1454 reverentia
971 1412 1082 1454 veram
1106 1390 1249 1454 contulit

198 1512 320 1573 pacem,
342 1512 410 1554 non
437 1491 638 1556 mirabimini
662 1513 721 1555 cur
751 1496 953 1556 memoratus
985 1490 1247 1576 archiepiscopus

198 1594 339 1676 publicae
372 1594 540 1681 religionis
571 1594 749 1658 solemnem
783 1595 897 1679 exigat
928 1596 1121 1660 cautionem.
1168 1596 1247 1661 Oui·

197 1716 336 1780 cumque
351 1697 594 1782 prrcmissorum
617 1695 831 1761 articulorum
856 1718 913 1761 rex
929 1697 1015 1762 nolit
1035 1696 1247 1782 acquiescere,

197 1817 264 1871 vos,
288 1798 315 1860 si
339 1797 443 1861 vultis
467 1803 508 1861 ut
529 1798 625 1861 robis
653 1797 688 1860 in
724 1818 823 1861 causa
855 1798 1018 1875 succedat,
1041 1799 1181 1883 accipite
1209 1798 1248 1861 li-

196 1900 339 1963 centiam
374 1901 606 1977 incontinenti,
640 1908 681 1976 et,
705 1900 770 1963 nisi
804 1899 963 1964 mandato
998 1901 1122 1965 domini
1153 1922 1248 1987 papae

196 2002 407 2084 adquiescens
439 2025 497 2067 vos
532 2003 747 2080 revocaverit,
771 2002 879 2067 redire
903 2002 1023 2067 citiusl
1057 2025 1124 2068 non
1155 2003 1249 2067 diffc-

196 2105 283 2167 ratis.
332 2104 369 2166 si
400 2109 511 2168 cirtem
547 2105 757 2189 acquieverit,
792 2105 968 2189 exprimite
1002 2106 1137 2170 nomina
1174 2126 1247 2190 pos·

197 2208 379 2271 sessionum
414 2208 501 2272 sicut
533 2209 628 2273 vobis
666 2208 702 2271 in
732 2208 883 2272 chartula
916 2209 1158 2293 exprimuntur,
1188 2230 1248 2273 nec

196 2308 386 2371 admittatis
410 2308 595 2373 delusiones
623 2314 657 2373 ct
687 2309 816 2373 fabulas
840 2309 912 2392 ejus
935 2309 1056 2393 quibus
1080 2310 1246 2375 ecclesiam

193 2410 367 2473 conabitur
382 2410 535 2474 mutilare
559 2410 652 2475 bonis
668 2411 737 2474 suis
751 2435 758 2488 ;
784 2409 887 2495 quia-²
902 2410 981 2474 dum
1006 2433 1138 2498 passum
1155 2412 1248 2498 pedis

195 2512 350 2577 auferat³
382 2534 494 2598 pacem
526 2534 601 2578 cum
625 2512 872 2598 archiepiscopo
897 2513 983 2577 iuirc
1010 2535 1079 2578 non
1104 2515 1228 2598 poterit
1241 2539 1249 2593 ;

196 2614 325 2677 mavult
352 2615 440 2677 cuim
464 2615 621 2699 proscribi
645 2621 804 2699 perpetuo
828 2635 927 2698 quam
951 2636 989 2678 eo
1014 2615 1247 2691 consentiente,

195 2715 247 2777 rel
272 2717 306 2779 in
330 2716 468 2780 minimo
491 2716 714 2802 proscribatur
745 2715 887 2780 ccclesia.
946 2716 1042 2795 Quod
1074 2717 1103 2781 si
1137 2716 1249 2783 ethic

194 2818 439 2893 detrectaverit,
481 2823 514 2880 ct
555 2839 613 2881 vos
652 2816 797 2881 oblatam
838 2817 1040 2881 occasionem
1088 2818 1248 2882 redeundi

194 2919 384 3005 arripiatis*

240 3020 371 3083 Tertius
394 3019 552 3085 articulus
576 3018 775 3083 eanrndeur⁵
805 3019 991 3083 litterarum
1015 3026 1074 3097 est,
1097 3028 1136 3086 ut
1158 3020 1248 3088 mille
1263 3035 1375 3085 Attou-

194 3142 320 3184 marcas
343 3143 402 3205 per
425 3120 604 3184 Vicianum
628 3121 803 3205 promissas
833 3120 1077 3208 archiepiscopo
1109 3104 1417 3219 inconti-{¹112‘Jm'l‘f3'tl‘q

194 3221 312 3287 uentiG
334 3223 498 3297 restituat,
522 3229 561 3287 ut
590 3222 711 3287 habeat
735 3222 822 3287 unde
853 3223 957 3308 possit
990 3226 1164 3309 apparatui
1189 3248 1249 3291 suo

193 3332 226 3387 ct
248 3347 381 3387 suorum
405 3324 586 3389 necessaria
608 3324 786 3409 providere.
834 3325 933 3404 'Quas
955 3325 984 3389 si
1007 3348 1041 3390 se
1063 3328 1249 3412 promisisse

195 3428 369 3500 inficiatur,
392 3427 540 3490 reducite
563 3427 593 3490 ei
616 3427 658 3490 ad
683 3427 873 3491 memoriam
901 3429 989 3513 quod
1013 3450 1066 3494 eas
1097 3428 1250 3496 similiter

193 3530 281 3613 apud
306 3529 454 3592 Mentem
485 3528 670 3612 Martyrum
706 3529 858 3613 promisit
891 3530 1042 3616 episcopo
1077 3530 1249 3619 Sagiensi,⁷

194 3632 248 3715 qui
274 3631 366 3693 nullo
389 3630 485 3693 modo
508 3628 681 3693 mandati⁸
711 3630 793 3695 fines
826 3631 1004 3697 excederet.
1052 3632 1114 3696 81⁰
1147 3636 1248 3721 perti-

193 3732 306 3795 nacius
330 3733 493 3796 ‹letrectat
516 3731 601 3795 hanc
625 3732 798 3817 pecuniam
823 3733 966 3809 reddere,
998 3734 1141 3800 frontem
1176 3759 1248 3801 res·

195 3840 279 3897 tram
303 3834 426 3897 sentiat
449 3854 516 3909 sua,
542 3833 693 3917 quamvis
723 3834 822 3896 nimis
846 3836 965 3899 attrita
997 3837 1052 3915 sit,
1074 3837 1247 3906 duriorem.

195 3936 238 3998 Et
261 3940 440 4019 autequam
464 3935 506 3998 ab
529 3934 591 4000 hoc
614 3935 783 3999 desistatis
813 3935 961 4012 articulo
984 3938 1129 4003 reditum
1153 3946 1249 4005 tanta

191 4038 370 4122 procuretis
395 4038 556 4101 instantia
581 4044 619 4101 ut
643 4059 754 4103 omncs
777 4060 837 4103 vos
860 4039 1090 4105 indubitanter
1113 4044 1248 4109 credaut

194 4140 471 4203 transfretaturos.
534 4139 571 4203 Si
611 4145 725 4205 tamen
759 4139 893 4204 demum
932 4143 1124 4227 apparuerit
1159 4144 1248 4228 quod

227 4352 233 4383 ¹
252 4354 336 4413 citius,
348 4354 383 4415 A,
395 4353 415 4402 Z
426 4374 433 4411 ;
451 4368 501 4401 om.
513 4354 544 4403 L.
781 4353 791 4386 ⁶
809 4356 834 4402 in
842 4356 973 4418 presenti,
985 4356 1013 4405 Z.

225 4432 235 4464 ’ἔ
254 4436 304 4494 qui,
317 4430 350 4479 L.
781 4432 922 4498 ⁷epiocop0
941 4436 1067 4499 Sapiensr',
1084 4436 1119 4499 A,
1136 4438 1178 4499 03
1196 4439 1251 4504 epi·

225 4509 236 4540 ³
253 4511 359 4573 creserrt.
372 4509 401 4556 L.
747 4526 834 4576 scopus
848 4514 986 4571 Soricaria,
998 4514 1028 4564 L.

225 4589 235 4620 ⁴
251 4589 397 4654 arripiatis,
409 4590 446 4649 A,
457 4589 496 4647 02
510 4588 653 4654 accipiatis,
663 4590 693 4639 L.
779 4594 790 4620 ¹⁴
807 4594 938 4651 mundata,
953 4593 985 4641 V.

224 4668 234 4699 ⁵
252 4683 391 4730 curansque,
403 4668 442 4725 03
461 4683 525 4717 corr.
537 4668 572 4719 A.
779 4668 789 4701 ⁹
807 4668 851 4717 sed
861 4671 893 4728 εἰ,
904 4669 952 4719 ius.
965 4671 994 4721 Z.
