3278 5662
192 756 385 842 an.1172.]
640 772 821 821 arradens.
1184 760 1246 822 535

193 969 227 1026 et
250 963 419 1041 discretus,
447 963 502 1029 etl
524 964 560 1028 in
590 963 643 1028 his
673 963 853 1050 plurimum
880 965 1089 1041 exercitatus,
1115 962 1246 1049 plenius

191 1067 280 1130 nesti
297 1065 409 1151 qu0d2
432 1067 467 1131 in
484 1066 671 1132 excessibus
694 1067 900 1153 singulorum
922 1087 989 1130 non
1009 1066 1115 1131 selum
1132 1065 1244 1133 delicti

191 1168 333 1251 qualitas
349 1173 383 1233 et
406 1168 584 1254 quantitas,
606 1169 664 1233 sed
687 1172 778 1245 aetas,
795 1169 941 1245 scientia,
957 1172 992 1233 et
1014 1189 1122 1244 sexus,
1144 1173 1244 1252 atque

189 1271 335 1335 conditio
359 1276 438 1336 sunt
464 1271 685 1349 attendenda;
719 1270 798 1356 quia
828 1293 895 1335 non
925 1270 1032 1335 solum
1062 1271 1242 1336 seeundum

190 1372 384 1455 qualitatem
417 1376 452 1437 et
482 1372 705 1456 quantitatem
735 1370 897 1446 facinoris,
921 1371 978 1435 sed
1001 1371 1180 1435 secundum
1205 1392 1243 1435 ea

189 1495 261 1558 ques
293 1474 517 1559 praediximus,
539 1479 574 1538 et
601 1472 781 1538 secundum
812 1472 919 1537 locum
950 1479 985 1537 et
1015 1463 1146 1558 tempus
1177 1493 1243 1557 que

189 1575 346 1641 delictum
368 1574 598 1653 committitur,
629 1574 808 1659 unicuique
829 1573 1030 1659 poenitentia
1061 1573 1159 1637 debet
1191 1573 1241 1637 in·

188 1678 274 1756 diei3
308 1699 392 1755 cum,
424 1679 510 1742 sieut
542 1682 580 1741 tu
607 1677 682 1763 ‚ipse
714 1697 780 1742 non
813 1677 953 1761 ignoras,
980 1675 1067 1740 idem
1092 1697 1241 1742 excessus

189 1778 294 1863 magis
335 1779 371 1842 in
409 1800 477 1843 uno
514 1799 614 1863 quam
658 1778 694 1841 in
725 1777 791 1843 alio
828 1777 874 1842 sit
910 1776 1107 1863 puniendus.
1185 1777 1240 1841 Illi

187 1885 298 1944 autem
332 1881 390 1965 qui
422 1881 532 1945 animo
564 1879 733 1945 occidendi
768 1878 862 1944 illum
897 1883 1048 1946 sanetum
1082 1883 1116 1944 et
1148 1899 1240 1944 reve·
1254 1881 1404 1958 chreesof

189 1983 328 2046 rendum
344 1983 453 2046 virum
471 1982 743 2048 cantuariensem
761 1982 928 2067 quondam
950 1981 1239 2068 archiepiscopum,
1252 1950 1410 2066 {ssssltteffih

189 2088 249 2148 aut
270 2085 420 2161 feriendi,
440 2089 499 2149 aut
521 2084 670 2169 capiendi
694 2084 723 2148 si
746 2084 787 2148 ds
809 2083 865 2148 illa
887 2084 1039 2168 captione
1062 2104 1149 2149 mors
1168 2085 1239 2170 ejus
1252 2080 1357 2130 thalete

189 2185 362 2251 subsecuta
383 2186 507 2264 fuisset,
523 2183 629 2251 citra³
640 2205 798 2251 manuum
815 2185 1025 2271 injectionem
1042 2206 1076 2249 ss
1091 2185 1240 2252 fatentur
1253 2150 1361 2197 murder.

189 2287 325 2363 venisse,
349 2288 420 2372 pari
451 2309 552 2373 poena
573 2287 628 2352 vel
659 2287 727 2352 iere
757 2287 829 2372 pari
859 2286 963 2351 sunt⁴
992 2288 1172 2372 puniendi:
1206 2293 1241 2352 et

188 2381 237 2451 illi
273 2388 373 2454 etiam
409 2389 465 2475 qui
501 2410 567 2453 non
600 2393 640 2453 ut
671 2388 816 2466 ferirent,
839 2389 896 2453 sed
927 2395 967 2453 ut
996 2389 1240 2474 percussoribus

188 2512 282 2574 opem
310 2491 442 2567 ferrent,
465 2491 494 2555 si
517 2490 601 2555 forto
625 2489 792 2567 violentia,
816 2511 916 2576 quam
940 2490 1075 2576 quidam
1106 2491 1240 2556 moliri⁵

188 2592 361 2667 debebant,
377 2588 642 2677 impedirentur,⁰
668 2592 767 2676 paulo
797 2589 939 2657 minori⁷
962 2613 1061 2677 poena
1083 2592 1238 2657 multari:

187 2693 362 2776 quiscum
387 2693 547 2779 scriptum
570 2693 635 2759 sit:
663 2693 756 2773 “Qui
784 2693 895 2778 potuit
909 2692 1077 2759 hominem
1102 2693 1240 2759 liberare

189 2800 248 2856 “a
278 2798 391 2869 morte,
425 2798 459 2858 et
491 2815 558 2858 non
590 2793 755 2874 liberavit,
788 2794 895 2879 ipsum
932 2794 1078 2872 occidit,''
1111 2800 1240 2860 constat

188 2895 275 2980 ipsos
298 2896 340 2960 ab
363 2895 532 2963 homicidii
555 2901 650 2961 reatu
674 2897 837 2961 immunes
859 2917 927 2962 non
950 2918 1019 2962 esse
1040 2898 1097 2984 qui
1120 2899 1238 2965 occiso-

188 2999 279 3062 ribus
302 3021 396 3084 opem
419 3007 535 3065 contra
557 2999 639 3065 alias
666 3005 822 3085 praestare
844 3005 1009 3065 venerunt
1021 3015 1045 3080 3'
1061 3023 1121 3066 nec
1150 3008 1240 3067 caret

188 3101 342 3186 scrupulo
366 3102 533 3168 societatis
560 3101 707 3178 occultae,
731 3102 798 3187 qui,
814 3123 889 3168 eum
912 3103 1025 3188 possit,
1041 3102 1240 3169 manifesto⁸

187 3205 311 3269 desinit
333 3204 473 3270 facinori
495 3205 638 3270 obviare.

232 3306 288 3370 Illi
319 3305 453 3372 autem⁰
477 3308 534 3392 qui
564 3327 599 3372 ss
629 3311 782 3372 asserunt
812 3307 961 3372 animum
993 3309 1078 3393 regis
1109 3309 1240 3374 inflam-

188 3429 293 3472 masse
326 3409 368 3472 ad
401 3409 525 3486 odium,
548 3409 637 3474 unde
669 3408 753 3474 forte
786 3408 851 3474 fuit
881 3408 1096 3475 homicidium
1128 3411 1238 3476 subse-

188 3516 311 3586 cutum,
334 3511 417 3576 satis
449 3512 529 3577 dure
553 3516 589 3578 et
610 3533 733 3598 aspere,
765 3511 912 3578 sednon
941 3514 991 3579 ita
1014 3516 1141 3593 severa
1160 3519 1240 3580 sunt

187 3613 356 3698 puniendi,
379 3613 443 3676 nisi
466 3612 552 3678 forte
574 3613 684 3699 ipsum
707 3634 817 3700 regem
840 3614 883 3679 ad
910 3614 994 3679 illud
1024 3614 1239 3683 homicidium

187 3717 255 3781 suis
293 3716 561 3802 suggestionibus
598 3722 840 3802 provocassent.
909 3717 965 3782 Illi
1004 3739 1134 3806 quoque
1171 3741 1239 3785 non

187 3820 323 3883 fuerunt
355 3839 376 3882 a
398 3818 496 3905 eulpa
525 3818 714 3895 tiberinae
744 3840 764 3884 a
791 3840 891 3904 poena
921 3820 1044 3885 debent
1075 3843 1143 3887 esse
1175 3823 1237 3886 im-

187 3942 313 3996 munes,
346 3920 412 4004 qui,
439 3919 517 3985 lieet
547 3919 673 3985 fuerint
702 3918 792 3983 illius
826 3919 950 4006 iniquae
983 3921 1264 4012 machinationis.

189 4023 304 4110 ignari,
328 4027 442 4087 tamen
465 4021 494 4085 si
516 4043 572 4087 ees
601 4021 736 4088 sicarios
762 4043 832 4087 esse
862 4022 1019 4102 sciebant,
1042 4025 1079 4089 in
1101 4026 1237 4092 sarcinis

187 4146 299 4190 eorum
321 4123 545 4190 custodiendis
565 4123 786 4190 ministerium
810 4125 1031 4210 praebuerunt.
1079 4127 1144 4191 Eos
1161 4149 1237 4193 vero

188 4286 216 4293 ,-
1128 4278 1233 4289 -ηυ-

221 4369 227 4399 ¹
246 4375 279 4423 et,
291 4369 309 4415 Z
320 4387 326 4424 ;
344 4382 393 4415 orn.
406 4365 438 4416 G.
766 4366 777 4398 ⁶
795 4366 952 4430 inmedireat,
964 4366 992 4417 Z.

221 4446 231 4477 ²
247 4444 322 4508 qued,
334 4447 352 4493 Z
365 4466 371 4503 ;
390 4446 459 4508 arcia,
472 4444 503 4495 G.
767 4444 777 4481 7
794 4447 891 4508 rtrajori,
902 4448 929 4495 Z.

219 4526 230 4557 ³
248 4522 286 4573 vel
296 4525 374 4582 circa,
386 4523 432 4574 ins.
446 4524 479 4574 G.
766 4523 777 4555 ⁸
795 4524 935 4588 manifesto,
947 4526 983 4588 Z3
1001 4525 1140 4588 munditie,
1159 4526 1193 4579 G.

220 4605 229 4635 ⁴
246 4612 313 4663 steret,
327 4604 363 4655 Z:
382 4617 430 4651 om.
444 4602 476 4653 G.
765 4600 776 4633 ⁹
792 4619 859 4664 vero,
871 4603 904 4654 G.

248 4680 336 4741 moliri,
348 4696 398 4730 om.
411 4681 439 4731 Z.
