3286 5664
317 758 381 823 232
751 775 929 824 nrrsroan
997 767 1006 782 ·
1169 760 1248 846 [nu.
1267 761 1367 824 1170.

315 962 480 1039 dicuntur,
502 967 537 1025 et
560 961 741 1046 quaelibct¹
772 984 884 1027 eruum
908 964 945 1026 in
967 983 1136 1029 assensum
1163 987 1262 1029 suum
1285 986 1369 1050 quos

315 1070 483 1150 potestat
506 1063 628 1149 quibus
651 1065 758 1130 modis
781 1065 872 1130 valet
894 1072 1035 1131 conatur
1061 1067 1225 1134 iuducere.
1272 1067 1369 1134 Sedis

316 1166 504 1252 apostolieae
524 1166 669 1281 gratiam
693 1167 851 1254 utrinque
867 1176 1043 1254 quaemnt;
1073 1177 1109 1235 et
1130 1174 1185 1254 (ut
1209 1169 1370 1256 arbitror)

317 1269 469 1352 quicum
493 1268 603 1333 minus
626 1275 827 1346 meruerunt,
851 1269 933 1336 aut²
955 1273 1097 1337 assecuti
1121 1277 1209 1350 sunt,
1224 1271 1371 1357 amplius

317 1371 503 1457 gloriantur
534 1394 568 1435 se
591 1368 687 1436 voti³
709 1377 877 1458 compotes
900 1371 1094 1438 exstitisse*
1137 1372 1306 1438 Jaetitant
1335 1394 1370 1437 se

317 1472 389 1539 haee
411 1480 446 1537 et
480 1472 537 1538 illa
568 1472 752 1539 obtinuisse
763 1499 772 1554 ;
802 1473 861 1539 sed
893 1474 960 1539 scio
985 1474 1075 1559 quod
1108 1474 1164 1551 eis,
1187 1473 1371 1559 praesertim

319 1575 354 1637 in
377 1574 429 1638 liis
452 1597 527 1659 quae
550 1580 666 1640 eontra
684 1574 762 1660 jus³
785 1575 943 1641 videntur
966 1575 1086 1653 elicita,
1107 1575 1218 1641 nullus
1241 1576 1372 1661 sapiens

317 1678 454 1743 habebit
484 1677 583 1742 fidem
619 1677 684 1742 nisi
710 1677 834 1765 scripta
878 1678 1096 1746 authentica⁶
1128 1686 1162 1745 et
1195 1679 1372 1764 originalia

319 1780 497 1866 proferant.
546 1779 660 1843 Unum
691 1779 767 1857 scio,
802 1789 836 1846 et
866 1779 992 1845 mundo
1014 1780 1215 1847 reclamante
1239 1780 1372 1845 indubi-

319 1888 432 1948 tanter
453 1886 489 1946 et
511 1879 613 1947 libere
635 1902 754 1957 assero,
777 1882 857 1967 quia
880 1882 938 1967 qui
961 1881 1095 1949 Christo
1117 1882 1304 1959 adhaeserit,
1335 1883 1372 1947 in

320 1985 419 2050 finem
456 2005 525 2049 non
565 1983 753 2069 poenitebit.
814 1985 1085 2051 Momentaneum
1124 1992 1175 2050 est
1211 1986 1373 2070 gaudium

321 2089 498 2175 impiorum
525 2094 560 2152 et
582 2088 689 2154 instar
711 2087 837 2172 puncti,
860 2088 982 2174 quibus
1005 2088 1041 2153 in
1063 2088 1158 2153 brevi
1181 2089 1273 2157 tinea
1295 2090 1373 2155 sub

320 2195 488 2257 sternetur
522 2195 557 2254 et
590 2188 834 2274 operimentum
866 2195 966 2255 erunt
997 2211 1149 2266 vermes,
1186 2195 1221 2257 et
1251 2190 1375 2258 electos

321 2315 396 2359 suos
427 2291 651 2358 consolabitur
674 2292 847 2369 Dominus,
862 2313 923 2358 nee
938 2292 1086 2377 patietur
1109 2299 1147 2358 nt
1169 2315 1224 2361 eos
1246 2293 1375 2380 affligat

321 2396 445 2483 duplex
469 2396 651 2464 tribulatio,
696 2394 815 2463 Pacem
831 2393 1052 2461 ιιιιιιίιιιιιιιι7
1074 2395 1216 2463 ecclesiae
1239 2403 1376 2483 sperant

322 2519 443 2576 omnes,
467 2504 500 2566 et
529 2519 600 2564 eam
623 2497 692 2564 lero
716 2497 864 2562 universi
887 2496 1078 2564 desiderant
1090 2522 1098 2577 ;
1128 2519 1188 2565 nec
1210 2498 1292 2565 alios
1316 2519 1373 2565 ex-

322 2599 490 2686 cipiendos
524 2621 594 2665 esse
624 2598 828 2674 crediderim,
851 2597 916 2662 nisi
947 2619 1029 2683 quos
1060 2599 1220 2665 seelerum
1251 2600 1375 2667 eonsci-

323 2704 416 2770 entia
458 2708 601 2789 torquet,
642 2702 843 2770 convincens
881 2722 936 2767 eos
973 2702 1115 2787 propriae
1151 2703 1376 2769 damnationis

155 2824 274 2875 theom
324 2805 482 2872 meruisse
519 2804 730 2870 sententiam
792 2801 881 2868 Nam
921 2807 956 2869 ct
989 2802 1059 2888 ipse
1094 2803 1272 2888 imperator
1301 2805 1374 2889 jam

156 2896 311 3023 l’lff'lffi‘v
324 2914 530 2995 exsugimtue
564 2910 719 2992 patenter
756 2909 915 2992 expertus
946 2909 998 2969 est
1032 2924 1067 2968 sc
1099 2904 1135 2968 in
1168 2905 1376 2990 augustalem

156 2974 202 3076 cli
213 2957 289 3075 loll
324 3035 391 3079 non
413 3033 507 3098 posse
539 3010 647 3076 redire
670 3008 880 3096 dignitatem,
902 3006 967 3072 nisi
999 3026 1112 3092 pacem
1134 3027 1210 3074 cum
1240 3008 1376 3075 ecclesia

156 3093 255 3223 {2⁸fo
326 3117 447 3192 lecerit,
424 3121 531 3181 tneo
564 3111 770 3179 detrectat
756 3131 829 3225 Jem
862 3109 1107 3177 conditionibus
1129 3109 1233 3194 aequis
1266 3111 1376 3179 foedus

327 3218 410 3281 inire
443 3237 517 3282 eum
557 3213 672 3291 Italis3
714 3212 877 3296 accitique
911 3210 1059 3277 eonsules
1093 3210 1268 3277 civitatum
1300 3234 1376 3279 cum

326 3319 454 3384 nuntiis
478 3317 549 3402 ojus
572 3313 726 3379 ineundae
751 3313 840 3398 pacis
856 3312 893 3377 in
916 3311 1018 3378 (luris
1033 3312 1157 3378 librant
1177 3318 1212 3377 et
1233 3312 1377 3378 formant

326 3420 490 3495 articulos,
526 3423 561 3482 et
595 3416 759 3481 valituras
792 3415 826 3478 in
860 3420 1030 3501 posterum
1063 3421 1264 3500 componunt
1300 3437 1375 3480 cau-

326 3524 440 3589 tiones.
504 3520 616 3605 Hujus
655 3517 702 3582 rei
742 3517 871 3582 exitum
909 3516 1187 3603 praestolabatur⁸
1224 3517 1375 3582 dominus

327 3623 526 3691 Sunonensis
538 3647 546 3702 ;
570 3623 627 3708 qui
660 3625 775 3686 temen
797 3616 988 3686 Paschalem
1011 3619 1255 3685 solemnitatem
1287 3619 1374 3684 domi

188 3743 230 3793 ἰι·
268 3762 280 3791 ,ι
326 3750 394 3793 uum
417 3725 564 3793 creditur
586 3729 621 3789 ct
642 3728 794 3810 speratur
816 3727 957 3790 acturus.
997 3721 1219 3789 Revertentur
1241 3742 1315 3789 eum
1338 3743 1377 3789 eo

169 3828 207 3926 ln
234 3828 239 3845 '
326 3831 398 3895 vitu
431 3827 550 3895 cernite
587 3824 837 3893 Cantauriensis
875 3824 1018 3893 ecelesiae
1053 3828 1286 3909 procuratores,
1319 3824 1376 3909 qui

166 3960 171 3977 ·
232 3979 238 3991 .
326 3931 459 3997 domino
481 3950 541 3994 suo
564 3928 765 4013 scripserunt
780 3925 958 4012 petitiones
981 3946 1057 3991 suas
1080 3925 1254 4012 benignius
1277 3947 1376 4010 quam

328 4028 564 4122 sporuvcrarrtl
601 4029 785 4106 exauditas,
820 4028 898 4095 lieet
936 4029 976 4093 de
1015 4028 1079 4092 fide
1117 4032 1153 4092 ct
1189 4029 1377 4093 constantia

326 4137 452 4205 domini
489 4155 584 4221 popu>
623 4130 687 4197 sibi
725 4135 825 4199 antea
860 4130 1054 4197 viderentur
1093 4149 1162 4196 esse
1194 4129 1377 4197 certissimi.

361 4354 368 4387 ¹
386 4350 500 4417 quilibet,
511 4349 542 4403 h.
912 4345 922 4378 ⁶
939 4345 1076 4407 auctentiu,
1089 4344 1133 4403 V.;
1150 4344 1287 4402 antarctico,
1298 4344 1330 4396 0.

357 4432 368 4465 ²
384 4437 421 4493 ut,
433 4430 465 4481 0.
912 4424 922 4460 ⁷
939 4422 1091 4474 severatis
1108 4459 1115 4473 .
1134 4459 1140 4473 .
1157 4457 1163 4472 .
1173 4421 1302 4487 seraom.
1314 4420 1350 4473 L.

357 4512 368 4543 ⁸
386 4510 443 4559 Οιιι.
456 4508 487 4560 O.
911 4504 922 4535 ⁸
937 4501 1140 4569 prestolabatur,
1158 4500 1190 4561 0,
1206 4500 1241 4560 V,
1259 4502 1298 4562 Z;
1312 4518 1379 4568 proe·

358 4590 367 4622 ⁴
385 4604 448 4648 esse,
460 4586 493 4638 G.
879 4581 1024 4642 rtolulritur,
1043 4580 1078 4642 L,
1094 4577 1267 4645 manniatur,
1279 4580 1311 4630 G.

357 4669 367 4701 ⁶
385 4667 529 4719 contrarius
543 4664 595 4725 (lor
607 4671 695 4712 runnu
700 4663 770 4726 jus),
782 4660 813 4712 G.
912 4660 922 4691 ⁹
941 4659 1106 4724 parentat,
1117 4657 1145 4706 Z.
