3278 5662
189 798 254 847 an.
273 781 391 864 usa]
627 797 807 845 nrisronn.
1201 785 1241 846 :²3

188 983 366 1059 sanctitati,
398 981 468 1066 jam
501 983 694 1068 scripseram
734 981 872 1057 litteras,
911 1003 985 1046 cunr
1021 1002 1093 1047 ecco
1131 980 1243 1046 subito

186 1105 295 1149 cursor
307 1085 456 1160 intraret,
472 1085 529 1168 qui
545 1085 781 1170 protectionem
798 1082 1034 1148 Londonicnsis
1050 1082 1093 1149 ad
1109 1082 1243 1148 Curiam

187 1192 222 1248 et
243 1185 309 1250 alia
332 1186 487 1272 pleraque
519 1186 574 1251 hic
596 1190 752 1253 contenta
783 1185 983 1251 nuntiaret·
1008 1185 1115 1264 Unde,
1140 1185 1243 1250 tantis

187 1288 281 1350 novis
315 1289 637 1375 supervenientibus
661 1309 750 1354 nova
782 1287 924 1353 scribom
956 1287 1184 1364 necessarium,
1208 1293 1242 1352 et

188 1396 263 1475 post
284 1391 433 1476 priorum
465 1391 651 1456 litterarum
682 1391 781 1455 finem
817 1389 936 1454 harum
968 1388 1120 1455 inchoare
1152 1389 1242 1474 prin-

187 1493 318 1579 cipium.
365 1493 510 1579 Spiritus
545 1492 672 1559 consilii
707 1498 742 1558 et
776 1492 923 1558 scientiae
954 1491 1070 1557 doceat
1104 1512 1163 1556 vos
1201 1491 1241 1556 de

189 1595 350 1673 omnibus,
372 1595 539 1663 carissime
562 1593 645 1659 mihi
669 1601 771 1681 pater.

534 1866 907 1879 μ*-

599 2058 827 2125 DXXXVIII.

229 2214 375 2279 Tnouas
399 2215 683 2280 crsruinransrs
706 2226 1001 2277 ancararrscorrs
1026 2208 1201 2276 Hunnnno

522 2314 705 2381 Osrmnsr¹
731 2331 902 2379 serscoro

298 2468 345 2529 (Α.
360 2471 422 2526 1⁹13
440 2467 473 2517 Ο.
484 2464 511 2516 ii.
526 2469 571 2516 197
585 2486 592 2525 ;
610 2466 638 2515 Z.
650 2463 687 2514 iii.
700 2469 731 2516 79
747 2484 754 2523 ς
772 2465 837 2528 Lup.
849 2463 886 2514 iii.
899 2468 948 2525 79;
965 2463 1059 2516 Thom.
1072 2466 1126 2525 47.)

232 2596 326 2682 Saepe
350 2596 484 2682 quidem
508 2595 657 2682 cogimur
680 2595 716 2659 in
739 2601 859 2660 vestrae
891 2595 1080 2662 sanctitatis
1102 2595 1239 2661 auribus
1252 2613 1357 2677 eruut»v
1370 2613 1399 2663 of

186 2721 348 2764 aerumnas
371 2698 511 2764 miseriae
534 2702 657 2764 nostrae
680 2696 859 2783 deplorare,
875 2698 954 2781 quia
977 2696 1033 2762 et²
1050 2697 1116 2762 illae
1138 2720 1239 2784 supra
1252 2678 1327 2795 ¹335),
1344 2745 1363 2794 'a

188 2823 360 2866 numerum
383 2800 573 2866 atmodum
608 2798 837 2884 multiplicatae
861 2805 948 2875 sunt,
972 2805 1006 2864 et
1038 2805 1157 2886 praeter
1180 2822 1239 2865 vos
1251 2763 1365 2888 possein-

189 2902 299 2967 nullus
321 2909 380 2978 est,
404 2900 481 2967 vel³
502 2901 681 2967 admodum
705 2922 806 2978 rarus,
829 2901 887 2986 qui
910 2922 969 2966 nos
992 2901 1179 2967 consoletur
1202 2902 1237 2965 in
1252 2885 1314 2928 ‘¹⁰¹¹'

191 3010 285 3068 tanta
308 3003 531 3079 tribulatione,
553 3007 614 3068 aut
644 3023 736 3087 spem
768 3001 879 3067 solatii
911 3003 1128 3089 repromittat.
1175 3003 1237 3071 Ta

190 3111 326 3170 ceantur
348 3104 390 3170 ad
426 3125 571 3189 praesens
595 3125 670 3189 quae
704 3103 934 3180 sustinuimus,
956 3104 1073 3169 funera
1106 3105 1238 3191 propin·

190 3229 338 3292 quorum,
362 3206 568 3273 sacerdotum
599 3205 724 3272 Christi
747 3206 853 3272 oaedes
883 3211 919 3271 et
952 3207 1093 3286 vincula
1125 3207 1238 3273 feralis
1280 3262 1283 3272 .

191 3310 291 3376 edicti
325 3309 492 3386 atrocitas,
515 3330 581 3394 quo
615 3307 745 3374 saevitia
778 3308 969 3374 Herodiana
999 3309 1070 3376 sine
1104 3309 1237 3376 misera·

190 3410 279 3477 tione
302 3411 511 3488 conditionis,
530 3409 664 3487 ordinis,
687 3410 807 3488 aetatis,
822 3416 857 3475 et
879 3431 977 3476 sexus
1000 3410 1237 3479 exterminavit

187 3518 221 3578 et
242 3512 434 3599 proscripsit
456 3532 578 3588 omnes,
602 3509 688 3596 qui⁴
709 3531 751 3576 ex
779 3531 985 3597 quocumque
1017 3534 1116 3579 cama
1137 3535 1235 3580 vene-

187 3621 263 3681 rant
285 3615 322 3679 in
345 3613 564 3701 suspicionem
588 3613 677 3698 quod
700 3613 743 3678 ad
767 3635 826 3679 nos
850 3619 960 3679 omont
983 3614 1129 3681 habituri
1153 3615 1235 3684 cari-

188 3722 301 3792 tatem,
323 3723 384 3782 aut
415 3715 581 3782 servaturi
604 3714 676 3781 Deo
699 3722 733 3781 et
756 3712 899 3782 ecclesiae
933 3717 1004 3801 ejus
1036 3717 1143 3783 fidem.
1191 3719 1235 3784 Et

188 3825 227 3884 ut
248 3819 470 3885 diutomitate
493 3817 657 3884 cruciatus
672 3817 777 3883 eitra⁶
799 3817 924 3883 cruoris
945 3818 1105 3885 invidiam
1129 3821 1234 3887 Hero-

187 3921 239 3986 clis
261 3921 449 3987 vinceretur
472 3919 671 3996 immanitas,
694 3919 901 4006 vagientium
934 3942 1034 3986 cunas
1066 3923 1235 4010 relegavit,

187 4045 208 4088 a
230 4027 374 4088 matrum
397 4041 455 4087 seu
478 4021 647 4088 nutricum
677 4020 805 4086 sinibus
828 4021 953 4086 avulsit
984 4023 1140 4109 parvulos
1171 4025 1237 4090 lac·

188 4130 296 4191 tentes
318 4130 354 4191 ct
376 4129 532 4211 sugentes
548 4121 656 4191 ubera
704 4122 791 4188 Nam
808 4145 873 4208 quo
897 4125 1000 4210 magis
1023 4127 1235 4211 protrahitur,

187 4227 333 4293 acerbior
355 4233 406 4292 est
436 4226 488 4291 vis
518 4225 648 4303 doloris,
672 4232 707 4291 et
738 4225 946 4310 quantalibet
968 4246 1067 4311 poena
1100 4228 1136 4292 in
1167 4251 1235 4294 mo-

221 4451 391 4513 squam,
401 4450 435 4501 21,
768 4446 843 4508 ³uel,
856 4446 937 4508 Z,L;
956 4465 1006 4499 (rm.
1019 4450 1060 4511 V;
1077 4451 1125 4504 ins.
1141 4470 1237 4506 aecor·

219 4569 279 4632 ῆι,
304 4571 338 4632 Α,
358 4569 394 4629 V,
414 4567 453 4628 03
478 4582 527 4618 0¹¹1·
548 4563 572 4616 l
593 4561 691 4628 (which
735 4524 911 4668 ‘confixi-‚¹22
925 4605 959 4665 Α,
971 4607 1004 4657 ο,

190 4680 262 4738 reads
273 4681 337 4748 illc).
771 4681 781 4713 ⁵
796 4683 874 4745 circo,
888 4684 920 4736 G.
