3278 5662
229 827 294 875 nu.
314 812 424 896 1170]
665 830 845 879 nr1sronc.

653 1218 854 1285 DOLXVII.

225 1373 444 1437 Grunnnurus
459 1371 719 1435 Lusuonruusrs
746 1389 927 1437 nerscorus
944 1390 992 1437 nn
1017 1376 1272 1442 Anrxnn'nnuu

687 1488 811 1537 rnrnn.

593 1627 634 1683 (r.
649 1628 712 1681 ran
731 1624 762 1672 (r.
776 1624 829 1673 ror.
847 1629 915 1683 154.)

270 1751 360 1816 Patri
392 1774 452 1817 suo
487 1758 520 1816 et
558 1753 691 1817 dornino
726 1774 853 1816 sunrrno
886 1754 1033 1838 pontiflci
1073 1755 1273 1836 Alexandro,

224 1854 326 1918 frater
342 1853 542 1918 Gillebertus
566 1853 809 1918 Lundoniensis
824 1854 966 1919 ecclesiia
990 1854 1148 1935 minister,
1165 1864 1273 1924 totum

223 1956 311 2039 quod
335 1956 369 2018 in
392 1978 426 2019 se
449 1959 559 2040 potest
581 1954 716 2019 humilis
739 1962 773 2019 et
803 1955 845 2019 ad
869 1956 1088 2021 obediendum
1120 1966 1274 2047 prompta

222 2058 361 2122 devotio.

267 2159 405 2225 Dilecteu
428 2160 520 2238 mibi,
543 2166 646 2246 pater,
668 2165 702 2224 et
725 2159 901 2245 diligendus
924 2182 1051 2246 semper
1073 2160 1109 2225 in
1129 2161 1426 2229 Domino'l'hmkrto

222 2262 393 2327 sanctitati
426 2268 546 2327 restrae
568 2262 750 2349 gratiarum
787 2262 890 2326 refero
924 2262 1005 2327 totis
1038 2263 1158 2329 anima·
1190 2287 1272 2332 rneae
1285 2236 1415 2301 thepope.

221 2363 348 2426 viribus
370 2363 525 2437 actiones,
543 2363 630 2447 quod
646 2362 826 2448 apostolica
849 2362 932 2426 mihi
955 2363 1080 2429 viscera
1094 2364 1273 2432 clementer

220 2466 378 2549 aperiens
403 2470 438 2529 et
472 2465 508 2527 in
530 2464 723 2529 necessitate
754 2486 884 2529 surnrna
906 2466 1068 2530 anxietati
1101 2489 1182 2533 rneae
1216 2470 1270 2554 pie

220 2567 431 2652 compatiens,
464 2567 575 2631 oculos
600 2567 632 2629 in
667 2589 720 2631 rne
752 2566 982 2631 rnisericordire
1015 2568 1203 2647 reduxistis,
1227 2576 1269 2647 et,

219 2668 272 2732 cui
295 2668 411 2730 rnortis
446 2667 568 2749 injuste
602 2668 756 2733 nectebat
779 2666 911 2751 larpueos
945 2668 1151 2734 adversantis
1186 2671 1269 2736 rnihi

218 2770 392 2854 potestatis
427 2769 613 2844 austeritas,
641 2768 676 2832 in
710 2769 817 2833 vitam
852 2791 904 2834 me
936 2771 1095 2856 respirare
1130 2778 1269 2858 paterna

219 2873 351 2936 tandein
376 2872 514 2937 caritate
538 2871 700 2947 voluistis,
735 2871 769 2935 in
803 2871 853 2936 ira
875 2871 917 2955 (si
941 2894 1008 2957 qua
1029 2873 1112 2958 fuit)
1145 2896 1268 2943 rnenror

214 2974 453 3050 misericordiae,
501 2978 609 3037 toturn
657 2978 766 3036 tamen
808 2972 896 3058 quod
934 2975 1083 3059 oportuit
1123 2976 1268 3060 justitia

217 3096 387 3139 reservans
412 3080 445 3138 ct
468 3073 663 3157 disciplinae.
711 3072 807 3153 Quod
842 3074 988 3158 profecto
1011 3074 1205 3142 beneficium
1228 3102 1267 3145 co

216 3177 297 3239 rniln
330 3176 467 3261 gratius,
500 3176 660 3261 longeque
696 3180 870 3260 reputatur
910 3177 1145 3262 acceptabilius
1178 3180 1267 3264 quod

216 3301 282 3343 non
306 3279 347 3342 an
372 3300 481 3363 prcoes
505 3278 620 3363 regias,
643 3299 709 3341 non
732 3278 775 3341 ad
797 3277 977 3343 multorum
1002 3279 1038 3344 in
1062 3280 1096 3344 in
1119 3290 1269 3366 porrecta

215 3381 379 3465 sntiingiu,
408 3403 473 3445 non
506 3380 548 3444 ad
573 3400 672 3464 opurn
696 3379 810 3443 oblata
832 3381 979 3465 pondera
1009 3402 1066 3446 seu
1099 3384 1267 3467 promissa,

215 3482 270 3547 soil
295 3483 335 3546 rio
360 3483 450 3546 sonte
474 3482 623 3547 caritatis
645 3480 856 3558 lucidissimo,
879 3490 1009 3567 pectore
1033 3485 1157 3550 scilicet
1171 3508 1265 3573 apos-

214 3586 320 3659 tuliae,
357 3586 392 3647 in
424 3585 530 3648 filiurn
558 3585 681 3669 pietate
716 3606 894 3670 progressa,
926 3606 991 3650 non
1026 3587 1107 3651 meis
1137 3588 1265 3653 meritis

213 3686 409 3761 exhibitum,
432 3686 489 3750 sed
512 3708 608 3750 omne
634 3686 856 3770 praveniente
879 3687 1031 3751 rnen‘turn
1067 3688 1136 3754 sola
1155 3696 1263 3755 tutunr

211 3789 320 3875 gnatia
335 3788 588 3852 misericorditer
608 3786 775 3852 indultum
791 3794 850 3852 est.
899 3787 996 3853 Unde
1012 3791 1100 3875 quod
1116 3790 1263 3878 obsequii

212 3914 352 3977 possum,
376 3898 477 3976 pater,
502 3896 536 3954 et
559 3890 647 3974 quod
670 3889 813 3965 honoris,
837 3895 956 3955 vestra:
979 3892 1065 3957 eirea
1087 3915 1139 3959 nre
1155 3896 1262 3961 muni·

211 3995 350 4059 licent-ize
366 3993 470 4057 fateor
493 3992 527 4055 in
551 3991 703 4056 omnibus
719 3990 921 4077 obligatum3
943 3992 1025 4059 adeo
1048 4002 1088 4059 ut
1109 4017 1161 4059 me
1178 3997 1263 4062 vello

210 4096 297 4181 quod
328 4094 508 4171 volueritis,
540 4098 646 4157 toturn
678 4092 789 4157 subire
816 4094 905 4179 quod
932 4094 1153 4179 injunxeritis,
1174 4120 1261 4163 conr·

210 4198 312 4283 pellat
346 4198 472 4281 pariter
504 4202 538 4261 et
571 4195 710 4261 suadeat
732 4216 799 4260 non
822 4195 928 4260 solum
961 4197 1049 4261 sedis
1071 4197 1125 4263 cui
1147 4201 1261 4283 praesi·

209 4300 295 4364 detis
327 4298 514 4373 auctoritas,
547 4298 611 4373 sed,
635 4320 677 4362 ex
712 4298 852 4384 impensi
887 4298 988 4363 etiam
1024 4297 1255 4383 magnitudine

208 4402 367 4478 beneficii,
383 4401 499 4464 innata
516 4399 680 4484 siquidem
703 4405 738 4464 et
755 4400 886 4483 jamdiu
908 4421 1009 4485 super
1023 4399 1085 4465 hoc
1099 4408 1258 4488 oonoepta

207 4505 370 4570 voluntas
419 4502 497 4567 Suis
519 4502 633 4587 itaque
655 4502 741 4569 cirea
763 4523 815 4567 me
839 4501 968 4587 sibique
990 4502 1120 4590 placitis
1146 4509 1258 4570 vestra

208 4607 367 4673 sanctitas¹
391 4610 505 4668 utetur
527 4604 695 4691 inrpcriis3
717 4604 752 4670 in
776 4602 929 4669 omnibus
953 4626 1027 4690 quae
1050 4626 1131 4671 mere
1154 4606 1257 4693 pomi·

206 4708 331 4774 bilitati
347 4708 595 4795 responderunt,
611 4707 698 4792 patri
717 4706 814 4783 filius,
830 4706 965 4772 domino
980 4728 1102 4785 servus,
1117 4708 1258 4788 obediet,
