3278 5662
375 785 438 848 248
813 802 993 855 mrsrona.
1235 790 1315 877 [au.
1331 743 1428 860 1170.

376 985 467 1049 nullo
500 985 596 1050 modo
630 987 735 1073 possit
768 989 887 1068 evinci,
910 1012 977 1067 vos,
1001 991 1097 1076 quasi
1130 991 1200 1078 regi
1231 992 1429 1058 condescen-

375 1087 500 1162 dentes,
523 1087 585 1152 hac
612 1089 773 1173 petitione
806 1091 912 1156 dilata
934 1098 970 1158 et
1002 1094 1141 1180 pecunia
1174 1094 1268 1159 nulla
1299 1095 1427 1160 ratione

376 1191 518 1267 remissa,
542 1190 678 1255 formam
704 1193 793 1277 pacis
817 1215 891 1279 quae
914 1195 950 1258 in
974 1197 1140 1282 prioribus
1162 1196 1312 1262 articulis
1343 1218 1428 1282 prae·

375 1293 476 1356 missa
499 1297 549 1356 est
571 1294 746 1378 recipiatis
787 1294 888 1361 Scitis
911 1297 1001 1362 enim
1025 1319 1066 1361 ex
1090 1297 1214 1362 litteris
1236 1318 1318 1384 quas
1333 1296 1429 1360 vobis

375 1395 528 1459 dominus
551 1416 639 1481 papa
660 1398 855 1474 transmisit,
879 1399 966 1484 quod
990 1400 1116 1464 nullam
1139 1399 1348 1465 remittenda
1369 1419 1430 1484 pe-

376 1499 482 1562 cuniae
505 1497 634 1563 habetis
656 1501 898 1578 auctoritatem,
919 1503 977 1586 qui
1000 1503 1101 1567 etiam
1124 1524 1204 1588 pace
1226 1502 1314 1567 sacta
1336 1505 1428 1565 tene·

376 1600 458 1664 mini
483 1601 589 1686 ipsum
613 1602 787 1667 convenire
809 1625 910 1688 super
940 1604 1070 1690 integra
1093 1605 1305 1669 restitutione
1335 1602 1426 1668 abla-

375 1709 494 1779 torum,
506 1710 540 1768 et
563 1704 674 1788 pravis
689 1704 982 1770 consuetudinibus
998 1706 1176 1771 abolendis.
1215 1706 1314 1782 Nam,
1328 1710 1369 1768 ut
1390 1704 1427 1767 in

374 1805 495 1869 litteris
518 1804 560 1869 ad
583 1827 693 1891 regem
718 1806 823 1870 missis
846 1829 1035 1892 expressum
1060 1813 1118 1884 est,
1141 1829 1202 1872 vos
1227 1807 1271 1872 ad
1293 1827 1426 1871 exsecu-

375 1908 499 1971 tionem
515 1907 604 1992 pacis
617 1907 708 1971 misit
720 1907 873 1972 dominus
885 1930 981 1995 papa,
994 1915 1027 1973 et
1043 1914 1082 1974 ut
1097 1931 1155 1994 per
1167 1930 1226 1974 voa
1237 1907 1428 1972 melioretur

374 2010 520 2073 conditio
544 2009 696 2085 ecclcsiae,
719 2014 754 2074 et
775 2009 1038 2097 archiepiscopus
1061 2017 1096 2077 et
1117 2011 1169 2075 sui
1197 2011 1233 2074 in
1255 2009 1347 2074 nullo
1370 2009 1427 2073 lae·

376 2110 504 2173 dantur.
546 2109 681 2173 Nullam
697 2110 785 2174 enim
801 2112 836 2174 in
860 2111 921 2176 hac
936 2118 1030 2198 parte
1052 2111 1203 2177 habetis¹
1219 2116 1426 2197 potestatem.

208 2223 356 2273 amolution
421 2211 567 2290 Quartus
590 2210 750 2275 articulus
777 2218 828 2275 est
851 2212 891 2277 de
924 2213 1130 2277 absolutione
1162 2211 1425 2278 excommunica·

205 2290 353 2404 ‘fflffi
375 2318 495 2389 torum,
526 2313 561 2375 in
597 2334 663 2397 qua
694 2313 787 2377 vobis
823 2313 948 2400 duplex
980 2316 1110 2380 cautela
1147 2313 1330 2380 necessaria
1367 2317 1426 2378 est.

374 2412 495 2489 Primo,
519 2418 558 2476 ut
579 2412 674 2477 nulla
705 2414 835 2478 ratione
859 2415 957 2478 eam²
989 2416 1118 2480 faciatis
1150 2417 1215 2479 nisi
1247 2420 1337 2480 certa
1368 2435 1426 2499 spe

373 2516 464 2602 pacis
487 2521 521 2580 ot
544 2515 820 2580 reconciliationis
843 2522 985 2602 accepta.
1034 2517 1193 2595 Secundo,
1217 2522 1257 2582 ut
1286 2516 1426 2593 nullum,

372 2620 437 2682 nisi
468 2619 660 2702 juramento
690 2617 882 2683 solemniter
915 2624 948 2683 et
981 2620 1111 2704 publice
1145 2618 1295 2704 praestito
1325 2617 1427 2702 juxta

372 2722 566 2785 mandatum
590 2719 817 2806 apostolicum,
833 2720 1033 2795 absolvatis3
1057 2742 1118 2785 nec
1140 2721 1227 2784 enirn
1251 2719 1349 2784 aliter
1371 2739 1425 2782 eos

204 2834 257 2883 The
267 2832 350 2899 king’s
371 2823 511 2909 potestis
545 2821 722 2886 absolvere.
778 2821 844 2885 Sed
879 2823 1041 2906 quomodo
1076 2827 1198 2887 certam
1233 2820 1425 2905 concipietis

204 2900 341 3015 {ffl'fflffl
372 2948 463 3011 sporn
496 2925 538 2988 ab
570 2924 702 2988 homine
736 2923 869 3000 lubrice,
902 2923 996 3008 cujus
1028 2924 1130 2988 verba
1168 2929 1202 2986 et
1234 2921 1425 3006 jurumenia

372 3033 508 3097 eandem
542 3031 611 3094 vim
644 3030 776 3106 habent,
813 3036 847 3093 et
880 3030 952 3114 pari
991 3035 1070 3094 sunt
1108 3028 1200 3094 lance
1230 3028 1423 3113 pensanda?

372 3134 512 3198 Difficile
537 3133 670 3216 quidem
694 3140 762 3210 est;
792 3131 819 3194 si
844 3136 956 3195 tamen
979 3130 1093 3194 induci
1123 3136 1235 3216 posset
1259 3134 1296 3191 ut
1319 3127 1423 3212 aliqui

372 3242 564 3321 magnatum
599 3234 702 3318 regni,
735 3232 845 3317 plures
877 3239 937 3295 aut
974 3232 1092 3297 saltem
1130 3254 1226 3307 unus,
1265 3230 1422 3294 mandato

372 3340 442 3422 ejus
460 3338 613 3420 jurarent
638 3336 724 3419 quod
749 3335 888 3397 formam
912 3336 1002 3419 pacis
1018 3334 1161 3400 fideliter
1183 3340 1217 3399 et
1239 3334 1311 3397 eine
1334 3333 1422 3397 malo

370 3440 503 3523 ingenio
527 3460 585 3501 rex
610 3442 851 3520 exsequeretur,
876 3441 909 3499 et
933 3435 1076 3521 episcopi
1103 3436 1312 3520 fidejussores
1335 3435 1421 3498 exis-

370 3546 487 3615 terent,
511 3543 622 3625 posset
648 3537 719 3603 haec
752 3538 865 3622 aliqua
897 3538 1007 3622 imago
1042 3537 1252 3603 certitudinis
1287 3536 1421 3600 interim

368 3642 464 3707 credi.

202 3769 356 3834 110wtoget
416 3744 653 3808 Verumtamen
676 3742 704 3805 si
739 3742 769 3806 ei
805 3742 995 3828 persuaderi
1028 3762 1098 3805 non
1129 3745 1240 3826 potest
1277 3744 1317 3803 ut
1350 3739 1419 3821 jam

201 3845 320 3901 ⁸⁰⁰¹¹¹¹¹ll
371 3847 476 3910 dietas
499 3845 648 3929 praestari
672 3844 773 3908 saciat
795 3844 971 3919 cautiones,
988 3844 1144 3928 exigatur
1167 3847 1206 3906 ut
1228 3840 1422 3925 patentibus

370 3948 502 4024 litteris,
525 3947 632 4032 rigillo
656 3968 715 4009 suo
746 3945 893 4022 munitis,
916 3945 978 4010 hoc
1012 3945 1134 4010 scribat
1168 3942 1419 4027 archiepiscopo,

371 4051 509 4115 etitem
541 4048 637 4127 aliis;
669 4049 705 4110 in
740 4048 880 4111 eundem
912 4048 1047 4113 modum
1082 4045 1215 4110 domino
1238 4066 1352 4130 papae;
1387 4048 1421 4108 et

369 4152 464 4216 vobis
487 4151 641 4214 similiter
663 4150 790 4226 tertiis;
812 4171 854 4212 ne
878 4149 957 4232 quid
981 4171 1023 4212 ex
1046 4147 1316 4232 contingentibus
1339 4145 1419 4209 omi·

371 4254 449 4318 sisse
473 4252 663 4327 videamini,
687 4256 721 4314 ct
744 4251 847 4314 nimia
869 4250 1037 4315 facilitate
1053 4250 1134 4314 certi
1157 4248 1259 4312 fuisse
1282 4248 1323 4311 de
1346 4269 1420 4331 pro·

371 4357 525 4420 missione
556 4354 700 4418 hominis
725 4353 777 4417 cui
800 4353 861 4416 vix
884 4374 1032 4437 unquam
1056 4353 1126 4415 sine
1149 4349 1294 4437 periculo
1317 4350 1420 4414 eredi-

370 4464 434 4522 tur.
504 4457 668 4521 Praeterea
714 4455 932 4540 possessiones
970 4453 1113 4519 ecclesiae
1159 4452 1273 4516 tradat
1318 4450 1422 4527 vobis,

1238 4600 1412 4610 -m

402 4688 409 4719 ¹
428 4686 551 4748 habeatis,
564 4688 598 4746 A,
612 4687 643 4737 0.
888 4682 894 4752 Ι
952 4683 963 4716 ¹
981 4699 1042 4743 eam,
1053 4682 1089 4742 A,
1103 4681 1135 4741 0,
1151 4681 1188 4738 23
1206 4695 1267 4739 cum,
1278 4677 1321 4738 V;
1338 4677 1373 4738 id,
1387 4675 1420 4726 L.
