3278 5662
359 821 426 881 498
801 831 981 881 urrsronn.
1216 816 1300 898 [an.
1321 811 1426 882 1171.

361 1019 449 1081 notis
483 1018 564 1081 meis
599 1017 822 1102 opprobrium,
861 1025 895 1083 et
927 1017 1041 1083 amicis
1079 1015 1177 1102 plena
1212 1012 1426 1080 confusionis

363 1118 494 1184 occasio.
542 1118 585 1182 Et
608 1118 672 1181 nisi
695 1120 752 1204 pia
774 1119 946 1184 clementis
970 1118 1089 1183 medici
1112 1134 1191 1183 cura
1223 1114 1426 1201 languentis

363 1220 494 1285 vulneri
516 1221 570 1285 vel
594 1220 630 1283 in
652 1222 780 1287 modico
803 1220 995 1307 lanuginem
1013 1220 1214 1295 obduxisset,
1238 1218 1276 1282 in
1298 1216 1427 1283 salutis

362 1324 542 1409 desperatae
574 1323 757 1389 cicatricem
789 1345 880 1388 mora
917 1323 1080 1409 profusior
1117 1322 1225 1387 ulcera
1256 1320 1427 1407 patientis

362 1427 557 1490 indurasset.
604 1426 704 1490 Nunc
726 1431 849 1502 autem,
877 1432 978 1511 pater,
1002 1446 1078 1491 cum
1100 1446 1142 1490 ex
1173 1423 1330 1509 hisquae
1363 1444 1425 1508 pa-

363 1532 459 1592 terna
480 1528 550 1592 filio
573 1527 712 1592 indulsit
735 1528 840 1614 pietas
870 1528 1015 1614 aliquam
1038 1526 1120 1592 mihi
1152 1525 1252 1592 liceat
1284 1545 1425 1611 sperare

363 1628 514 1705 salutem,
540 1628 712 1694 reviviscit
744 1630 881 1715 spiritus
912 1651 1015 1706 meus,
1047 1629 1195 1694 exsultat
1226 1628 1355 1703 anima,
1388 1630 1425 1693 et

362 1750 423 1816 pro
460 1730 714 1796 mansuetudine
752 1731 926 1819 benignius
964 1732 1116 1798 exhibita
1151 1732 1194 1796 ad
1230 1729 1427 1816 gmtiarum

362 1832 507 1898 actiones
530 1854 623 1898 mens
656 1839 728 1898 tota
751 1834 901 1919 lesurgit,
935 1838 970 1898 et
1000 1833 1043 1899 ad
1074 1831 1261 1899 sanctitatis
1295 1836 1424 1897 vesum

362 1934 540 2021 provoluta
561 1936 660 2020 pedes
683 1938 762 2001 totis
793 1936 977 2023 supplicare
1000 1936 1133 2013 viribus,
1168 1934 1249 2001 totis
1280 1934 1426 2000 anhelat

363 2058 497 2103 exorare
520 2038 700 2115 desideriis·
722 2049 762 2101 ut
783 2044 858 2125 post
880 2039 1066 2104 mordentia
1098 2036 1304 2104 austeritatis
1338 2037 1424 2102 vina

362 2141 427 2224 pire
464 2140 613 2205 lenitatis
658 2140 766 2205 oleum
804 2141 885 2205 meis
922 2140 1119 2207 infundatur
1161 2138 1338 2218 ulceribus,
1387 2143 1424 2204 et

362 2247 510 2326 patemae
532 2242 746 2327 correptionis
777 2243 937 2329 asperitas
968 2248 1127 2308 maternae
1160 2241 1296 2306 tandem
1331 2240 1423 2308 circa

362 2364 415 2408 me
437 2344 594 2430 pietatis¹
617 2345 774 2411 uberibus
798 2346 989 2431 excipiatur.
1036 2344 1133 2408 Intus
1151 2344 1222 2429 jam
1244 2342 1339 2428 apud
1364 2364 1422 2430 pa-

361 2451 446 2511 trem
478 2448 523 2511 sit
555 2448 613 2533 qui
646 2468 705 2532 pro
740 2447 809 2511 filio
841 2448 952 2532 pulset
982 2452 1017 2512 et
1048 2452 1162 2512 exoret
1193 2446 1345 2525 affectus,
1379 2450 1421 2513 ut

365 2549 521 2634 punitum
541 2550 612 2634 jam
635 2551 717 2615 satis
739 2550 927 2636 suscipiatis
950 2550 985 2614 in
1007 2550 1157 2636 gratiam,
1180 2555 1215 2614 et
1229 2555 1420 2617 correctum

362 2653 510 2736 graviter
541 2653 661 2717 vestris
694 2653 852 2717 devotum
885 2651 1024 2716 finniter
1056 2651 1221 2737 obsequiis
1254 2650 1421 2719 harentia

364 2752 460 2818 Intra
480 2759 589 2820 castra
622 2760 812 2818 revocatum
845 2754 951 2839 pietas
975 2758 1113 2838 patema
1145 2760 1351 2838 promoveat,
1385 2760 1422 2821 et

362 2854 570 2938 praelibatam
605 2855 687 2918 mihi
709 2855 851 2940 gratiam
883 2855 926 2919 ad
956 2854 1138 2941 perfectum
1169 2876 1289 2921 manus
1319 2876 1421 2943 apos-

305 3032 309 3039 ,
362 2956 461 3021 tolica
479 2957 572 3041 justa
595 2957 729 3023 tandem
754 2957 963 3022 miseratione
986 2957 1154 3043 perducat,
1176 2978 1219 3021 nc
1252 2956 1290 3021 in
1321 2956 1421 3024 luctu

361 3063 395 3122 et
417 3060 548 3124 miseria
571 3059 641 3123 dies
664 3080 752 3123 meos
775 3059 965 3145 transigere,
988 3065 1096 3125 etms
1119 3060 1246 3124 dierum
1267 3081 1421 3127 meorum

361 3161 564 3244 paucitatem
598 3183 672 3246 quae
696 3165 853 3246 suprercst,
886 3161 922 3225 in
944 3161 1164 3226 amaritudine
1197 3161 1297 3226 finire
1329 3184 1422 3229 oom-

361 3263 471 3347 pellat.
530 3262 710 3328 Conservet
755 3263 1015 3329 incolumitatem
1060 3267 1205 3328 vestram
1250 3263 1423 3332 Dominus

361 3364 503 3429 ecclesias
526 3387 594 3432 sum
617 3366 730 3430 multis
753 3365 963 3451 profuturam
986 3365 1196 3451 temporibus,
1220 3366 1257 3429 in
1281 3365 1423 3435 Christo

360 3467 478 3532 dilecte
501 3473 604 3552 pater.

780 3785 997 3852 DCCLXIII.

394 3927 616 3992 Aanxrunnn
639 3939 727 3989 rura
749 3925 1028 3990 Rornouscuusr
1051 3942 1327 3993 sacnrnmscoro
1351 3945 1399 3995 nr

659 4028 904 4093 mensumn
927 4044 1097 4095 mrscoro.

558 4167 642 4231 (0.1.
655 4172 703 4217 286
716 4187 722 4223 ς
741 4167 769 4216 Ζ.
781 4172 845 4216 ssa
856 4186 863 4226 3
874 4167 938 4230 Lup.
951 4184 974 4216 v.
987 4172 1019 4218 85
1030 4190 1037 4228 5
1054 4167 1145 4219 Thcm.
1155 4171 1226 4230 259.)

406 4286 618 4352 Alexander-³
650 4287 829 4372 episcopus,
855 4306 1159 4351 servusiservorum
1187 4287 1259 4364 Dei,
1277 4309 1422 4357 vonera-

361 4388 419 4453 bili
436 4389 534 4453 fratri
559 4389 704 4453 Rotrodo
727 4385 987 4470 Bothomegensi
1010 4387 1250 4475 archiepiscopo
1274 4395 1310 4454 et
1333 4392 1421 4458 Am·

359 4490 538 4574 bi[an]ensi
550 4491 700 4576 episcopo
717 4489 856 4554 salutem
872 4493 907 4553 et
919 4490 1130 4574 apostolicam
1141 4490 1421 4564 benedictionem

393 4688 400 4719 ι
419 4686 449 4736 a
461 4686 509 4737 rus.
522 4689 551 4739 c.
945 4686 1036 4737 ems
1048 4686 1190 4754 usuagis
1201 4687 1267 4739 eom
1280 4688 1310 4741 c.

391 4764 402 4795 ²
418 4766 560 4825 Ambiense',
572 4767 600 4816 Z.
