3278 5662
341 750 408 812 410
796 766 976 817 nrrsronn.
1202 753 1283 836 [an.
1300 749 1397 818 1170.

341 952 466 1015 raudus
496 951 539 1016 ab
566 951 768 1038 obligatione
800 953 1008 1031 creditorum,
1032 959 1067 1019 et
1098 974 1173 1020 cum
1206 954 1330 1019 honore
1361 952 1398 1015 in

343 1054 484 1139 patriam
507 1054 736 1119 remittendus.
783 1053 850 1121 Sed
873 1055 995 1121 fefellit
1021 1079 1096 1121 eum
1121 1056 1243 1142 opini0‚
1266 1057 1397 1122 Joanne

343 1157 384 1220 de
411 1155 635 1221 Oxenefordia
661 1157 821 1222 afferente
854 1157 968 1222 literas
1000 1158 1126 1223 domini
1157 1158 1252 1244 regis,
1276 1157 1398 1242 quibus

172 1265 218 1327 up.
233 1266 289 1313 ⁷2⁹·
341 1257 480 1343 rogabat
502 1263 536 1322 et
559 1257 721 1335 monebat,
743 1263 783 1323 ut
805 1258 876 1324 sine
899 1279 992 1324 mora
1015 1260 1140 1325 rediret
1161 1260 1205 1325 ad
1227 1259 1396 1326 ecclesiam

342 1381 444 1436 suam,
468 1364 502 1424 et
524 1359 685 1426 antedicti
708 1358 849 1426 Joannis
873 1361 1039 1426 conductu
1070 1367 1105 1426 et
1127 1361 1246 1427 solatio
1272 1361 1309 1424 in
1339 1360 1395 1424 iti·

342 1483 420 1527 nere
438 1461 612 1527 frueretur.
659 1461 777 1528 Paruit
800 1462 1074 1549 archiepiscopus,
1091 1470 1134 1541 et,
1158 1464 1195 1527 in
1218 1463 1395 1542 redeundo,

341 1564 535 1630 aemulorum
558 1586 616 1650 per
631 1565 753 1631 amicos
776 1565 1045 1631 machinamenta
1066 1565 1231 1651 cognovit,
1248 1566 1305 1650 qui
1323 1564 1395 1648 jam

342 1668 385 1732 ad
400 1689 490 1732 mare
501 1667 640 1754 profecti
651 1672 791 1732 ventum
807 1667 1016 1734 commodum
1031 1668 1277 1754 exspectabant,
1289 1667 1395 1733 archi-

343 1769 492 1855 episcopo
515 1774 629 1834 nostro
650 1769 687 1832 in
709 1769 824 1834 littore
846 1769 998 1854 opposito
1020 1769 1175 1835 similiter
1190 1773 1396 1855 expectante.

174 1857 315 1990 ξξζοῗώ·
342 1870 412 1937 Ubi
435 1891 510 1937 oum
533 1872 575 1935 de
589 1870 735 1936 transitu
759 1890 872 1935 eorum
896 1876 931 1936 et
952 1870 1255 1936 machinationibus
1279 1870 1397 1935 certior

175 1965 303 2043 alsatia
343 1972 447 2050 fieret,
478 1977 616 2038 conatus
647 1992 761 2038 eorum
793 1973 850 2036 via
881 1994 949 2058 qua
983 1973 1094 2059 potuit
1128 1973 1225 2050 elisit,
1259 1973 1396 2037 mittens

175 2059 322 2175 {ffigfl
343 2072 586 2158 archiepiscopo
628 2072 827 2138 Eboracensi
865 2073 995 2140 litteras
1033 2073 1236 2160 apostolicas,
1275 2073 1396 2159 quibus

176 2191 297 2248 uicatim,
343 2176 413 2261 ipse
435 2181 471 2241 et
493 2175 727 2241 Dunelmensis
750 2176 930 2262 episcopus,
946 2180 1082 2263 propter
1099 2182 1291 2263 usurpatam
1314 2176 1396 2241 novi

176 2257 322 2373 maerore
344 2280 431 2366 regis
454 2278 707 2356 coronationem,
734 2278 778 2343 ab
801 2278 979 2364 episcopali
1011 2277 1116 2345 officio
1139 2279 1394 2364 suspenduntur.

232 2362 238 2374 ⁸
345 2382 439 2448 Alias
461 2403 591 2468 quoque
618 2380 768 2467 porrexit
790 2381 930 2446 nuntius
961 2380 1183 2446 Londoniensi
1217 2384 1252 2446 et
1284 2378 1396 2445 Sares-

344 2485 486 2552 beriensi
518 2484 690 2571 episcopis,
716 2483 838 2569 quibus
871 2482 908 2547 in
939 2483 1141 2549 sententiam
1173 2482 1395 2549 anathematis

344 2590 552 2665 revocantur,
576 2590 611 2650 et
632 2584 883 2670 suspenduntur
904 2604 1018 2649 omnes
1048 2584 1193 2670 episcopi
1223 2584 1282 2669 qui
1312 2604 1396 2669 pue-

176 2685 217 2734 110
228 2699 325 2736 ΟΜ
344 2688 423 2755 fatae
455 2686 660 2754 coronationi
692 2685 926 2752 interfuerunt.
987 2685 1061 2766 Quo
1093 2685 1189 2765 facto,
1212 2686 1397 2772 prosperior

175 2751 281 2802 thesea.
343 2811 426 2856 aura
448 2790 578 2876 spirans
607 2810 628 2854 a
660 2788 820 2854 Flundria
850 2786 1021 2853 dominum
1046 2788 1327 2875 archiepiscopum
1359 2787 1395 2851 in

343 2893 499 2980 Angliam
538 2891 626 2958 felici
675 2890 892 2976 navigatione
936 2890 1103 2977 perduxit,
1141 2892 1396 2977 venientemque

342 2994 385 3060 ad
408 2999 542 3080 portum
572 2993 626 3060 cui
659 2991 855 3058 Sandwicus
886 3012 1007 3057 nomen
1040 2997 1090 3056 est
1122 2993 1206 3079 regii
1236 2992 1396 3058 satellites

343 3099 554 3181 exceperunt,
577 3092 736 3161 custodiis
758 3113 818 3177 per
850 3092 964 3157 littora
987 3092 1164 3179 dispositis,
1187 3099 1228 3158 ut
1250 3095 1397 3159 creditur

343 3199 386 3263 ad
417 3196 610 3274 nocendum,
638 3201 672 3260 et
694 3194 831 3260 armatis
861 3195 1166 3280 perstrepentibus3
1198 3217 1279 3281 quos
1302 3203 1396 3261 ante·

344 3301 432 3367 fatus
467 3300 613 3366 Joannes
645 3297 707 3363 de¹
732 3296 954 3362 Oxenefordia
988 3298 1136 3364 cohibuit
1167 3304 1202 3364 et
1236 3299 1396 3385 compulit

176 3407 324 3486 Difficulter
343 3424 435 3468 arma
457 3404 628 3488 deponere,
650 3422 717 3464 nou
740 3405 819 3476 tam,
835 3405 874 3464 ut
896 3405 1043 3485 putatur,
1066 3401 1178 3467 favore
1201 3407 1396 3477 nostrorum,

175 3478 325 3592 &5¹ng
344 3526 443 3588 quam
470 3525 513 3568 ne
536 3502 707 3567 temeritas
739 3490 853 3567 eorum
885 3502 1056 3566 dominum
1087 3524 1196 3589 regem
1219 3510 1255 3568 et
1277 3503 1397 3568 liberos

176 3609 249 3658 wich·
344 3627 420 3671 suos
450 3610 532 3670 nota
562 3601 760 3690 proditionis
792 3602 945 3668 inureret
1009 3602 1201 3689 Exegerunt
1222 3610 1335 3669 tamen
1356 3612 1398 3669 ut

175 3675 238 3724 Dee.
252 3679 274 3723 l
343 3708 547 3794 alienigenae,
570 3705 628 3791 qui
655 3726 730 3771 cum
754 3704 997 3791 archiepiscopo
1020 3713 1189 3784 venerant,
1212 3728 1397 3773 sacramen·

344 3816 417 3876 tum
449 3812 647 3896 praestarent
677 3807 718 3872 de
750 3806 914 3873 servanda
945 3807 1105 3873 fidelitate
1137 3809 1208 3896 regi
1231 3815 1265 3875 et
1286 3831 1396 3896 regno.

343 3913 415 3980 Nec
437 3910 621 3998 apparebat
652 3910 828 3996 quisquam
859 3907 1045 3997 alienigena
1074 3916 1196 3997 praeter
1218 3911 1396 3998 Symonem

343 4013 567 4081 Senonensem
598 4010 876 4087 archidiaconum,
899 4011 957 4095 qui
978 4012 1022 4076 ad
1052 4015 1277 4097 praestandum
1304 4014 1398 4099 jura-

343 4123 493 4182 mentum
521 4115 617 4181 facile
640 4114 759 4178 fuisset
788 4112 945 4178 inductus
978 4114 1006 4178 si
1030 4114 1293 4201 archiepiscopus
1323 4137 1398 4201 per·

342 4219 506 4298 misisset3
552 4216 619 4303 qui,
657 4213 802 4301 exempli
839 4215 1017 4300 perniciem
1054 4217 1189 4295 veritus,
1227 4217 1398 4304 respondit

342 4322 438 4387 bonis
461 4320 607 4385 moribus
639 4318 701 4385 hoc
732 4337 866 4403 prorsus
897 4336 966 4383 esse
997 4319 1207 4399 contrarium,
1231 4327 1278 4399 ut,
1301 4321 1396 4386 inau-

342 4420 440 4488 dital
463 4419 624 4498 barbarie,
640 4418 919 4505 compellerentur
941 4418 1087 4506 hospites
1111 4427 1145 4487 et
1168 4423 1332 4509 peregrini
1355 4423 1398 4487 ud

1080 4577 1389 4589 ——-—-——-———-——.

378 4652 385 4686 ¹
402 4652 443 4715 de,
453 4667 503 4702 om.
516 4650 550 4704 G.
858 4649 864 4718 Ι
923 4651 934 4684 ²
952 4651 1080 4714 mandata,
1092 4655 1128 4705 V.
