3278 5662
362 790 426 858 296
802 809 982 860 errsroen.
1219 797 1299 882 [ao.
1319 797 1414 867 1170.

360 1021 419 1065 uec
451 1000 571 1064 durum
606 1002 791 1087 reputando
825 1024 885 1068 nec
918 1024 1072 1088 asperum
1105 1005 1192 1088 quod
1225 1006 1413 1090 apostolicae

361 1100 447 1166 circa
469 1124 520 1166 me
544 1124 665 1168 novero
689 1103 958 1168 mansuetudinil
981 1106 1187 1190 complacere.

407 1202 499 1267 Sciat
522 1204 609 1268 enim
634 1204 785 1270 dominus
821 1212 1127 1285 meus,otcertu1n
1152 1213 1272 1285 teneat,
1307 1232 1359 1273 mc
1394 1231 1415 1273 a

362 1306 569 1389 tempestatis
607 1306 706 1390 hujus
745 1328 810 1392 qua
843 1307 973 1391 jamdiu
1012 1312 1216 1394 quassamur
1244 1311 1340 1375 initio
1379 1311 1413 1374 id

362 1427 489 1492 semper
527 1407 720 1484 voluntatis,
759 1408 794 1473 id
840 1408 994 1475 habuisse
1032 1412 1202 1496 propositi,
1242 1418 1281 1475 ut
1319 1411 1413 1477 vobis

362 1510 529 1575 occasione
553 1532 758 1596 quacumque
781 1512 975 1590 assisterem,
1011 1519 1045 1578 et
1068 1515 1160 1579 vobis
1184 1537 1292 1579 coram
1327 1516 1414 1601 posi·

191 1614 245 1690 'ste
255 1616 338 1667 writer
360 1616 415 1676 tus
437 1611 640 1677 anxietatis2
663 1613 727 1678 mei
751 1612 856 1678 cordis
880 1636 1085 1700 exponerem,
1108 1621 1148 1680 ut
1170 1639 1190 1680 a
1208 1616 1412 1681 sublimitate

190 1695 324 1799 Ξῗζὲἕὶζ
359 1719 470 1780 vestra
501 1715 678 1799 impetrata
710 1714 886 1781 clementer
924 1717 994 1802 ejus
1033 1718 1086 1783 cui
1120 1719 1284 1804 astringor
1316 1717 1413 1783 officii

190 1813 319 1880 ttepope.
357 1814 571 1893 absolutione,
609 1818 653 1883 ab
690 1817 743 1882 his
786 1817 906 1903 quibus
944 1819 1064 1884 obruor
1101 1819 1257 1885 fluctibus
1295 1820 1411 1885 saltem

356 1919 465 1983 nudus
500 1921 681 1996 evaderem,
716 1925 751 1986 et
785 1942 859 1988 eum
895 1921 1076 1986 multorum
1108 1943 1277 2007 nequeam,
1310 1923 1411 1987 saluti

355 2020 472 2085 saltem
496 2043 578 2086 nreae
605 2022 816 2107 aliquatenus
838 2023 1054 2108 providerem.
1102 2024 1224 2088 Omnes
1247 2024 1334 2088 enim
1367 2023 1409 2089 ab

355 2122 486 2208 Angliae
520 2124 643 2190 finibus
664 2125 707 2189 ad
742 2145 801 2189 vos
835 2146 940 2210 usque
962 2126 1180 2204 decurrentes,
1205 2131 1243 2190 ut
1275 2126 1409 2211 quibus·

354 2223 431 2288 darn
465 2246 532 2290 non
569 2231 656 2291 certe
695 2225 856 2311 placeant,
894 2249 947 2292 me
984 2228 1197 2293 seminarium
1228 2228 1409 2306 discordiae,

331 2325 580 2393 subversorem
614 2327 767 2408 ecclesiae,
802 2326 1033 2395 incentivum³
1057 2330 1227 2406 malorum,
1259 2330 1408 2395 fomitem

353 2427 423 2492 litis
446 2436 480 2495 ot
503 2430 654 2496 odiorum
677 2431 835 2512 omnium,
859 2432 993 2497 sinistre
1017 2432 1236 2510 denuntiant;
1269 2437 1303 2497 et
1334 2454 1408 2517 ques

352 2551 412 2596 nec
435 2552 514 2596 vera
537 2539 624 2610 suut,
648 2555 708 2598 nec
731 2554 877 2619 unquam
901 2536 914 2618 (
922 2533 1065 2618 juvante
1088 2533 1245 2616 Domino)
1276 2533 1407 2618 probari

351 2639 518 2718 poterunt,
543 2635 667 2700 sanctis
690 2636 809 2701 vestris
832 2637 969 2702 auribus
991 2637 1166 2702 adversum
1187 2659 1240 2700 mo
1264 2657 1408 2721 quorun·

352 2734 427 2800 darn
451 2737 620 2822 promissis
643 2743 678 2802 et
701 2737 852 2823 precibus
875 2737 1038 2803 instillare
1054 2759 1122 2802 uon
1145 2738 1316 2803 omittunt.
1362 2739 1407 2802 Et

350 2862 431 2920 ecee,
448 2846 552 2927 pater,
575 2839 703 2916 morior,
727 2860 802 2904 cum
825 2838 874 2903 nil
898 2839 1015 2904 horum
1038 2838 1181 2913 fecerim,
1197 2861 1271 2904 cum
1288 2840 1405 2905 horum

349 2942 385 3007 in
408 2943 500 3008 nullo
527 2941 676 3009 conscius
707 2942 778 3008 sim.
825 2942 958 3008 Dantur
993 2942 1028 3005 in
1052 2963 1105 3006 me
1137 2942 1311 3007 sententiae
1345 2964 1405 3008 nec

348 3046 533 3111 confessum
557 3066 617 3110 nec
640 3045 827 3111 convictum
853 3045 909 3109 sed
934 3066 994 3110 nec
1009 3043 1142 3128 quidem
1159 3045 1402 3109 cormuonitunr.

349 3149 524 3213 Formatur
562 3153 596 3213 et
635 3147 835 3233 confingitur
872 3148 1050 3227 notorium,
1089 3153 1123 3211 et
1165 3153 1203 3211 ut
1240 3149 1404 3233 grassanti

348 3251 431 3315 nihil
467 3251 553 3316 desit
591 3250 737 3324 invidire,
776 3248 864 3334 quod
899 3250 982 3313 nulli
1003 3254 1133 3338 ⁸notum
1166 3255 1216 3313 cst
1247 3248 1404 3315 audacter

347 3359 499 3418 asserunt
537 3374 606 3417 csse
643 3352 861 3417 notissimum.
908 3351 958 3415 De
1008 3371 1106 3415 manu
1147 3372 1221 3416 mea
1269 3353 1402 3438 sanguis

347 3477 446 3539 quem
470 3476 537 3518 non
567 3455 668 3519 effudi
704 3452 893 3538 requiritur,
916 3459 950 3517 et
981 3452 1197 3536 injustissime
1229 3474 1302 3538 qum
1335 3475 1400 3517 non

345 3558 440 3643 rapui
479 3579 576 3642 cogor
610 3556 787 3622 exsolvere.
833 3556 915 3636 Quae
947 3554 1104 3619 nimirum
1137 3555 1248 3620 omnia
1281 3555 1316 3617 in
1348 3577 1400 3620 mc

179 3682 330 3750 animal,
344 3682 497 3727 recasura
545 3665 721 3751 metucns,
742 3680 872 3724 omnem
920 3659 1151 3743 praeveniendo
1201 3659 1399 3724 sententiam

344 3763 557 3849 apostolicam
577 3762 775 3846 jamdudum
799 3762 965 3848 appellavi
997 3761 1215 3845 praesentiam,
1239 3761 1269 3825 ei
1301 3783 1400 3848 super

344 3865 396 3929 his
434 3872 554 3951 optans
592 3864 743 3929 assistere
783 3885 880 3949 quem
915 3864 950 3926 in
978 3862 1054 3947 jure
1088 3868 1214 3929 certum
1249 3869 1298 3927 est
1332 3885 1399 3928 non

343 3986 459 4031 errare.
506 3965 614 4045 Quam
637 3965 795 4028 nimirum
828 3963 1083 4050 appellationem
1106 3964 1134 4028 si
1158 3963 1293 4028 minime
1326 3987 1396 4050 pro·
1451 3986 1457 3996 ·

342 4073 474 4134 secutus
497 4088 571 4132 sum
594 4066 665 4132 haec
688 4087 786 4132 causa
809 4066 949 4143 exstitit,
976 4067 1064 4151 quod
1088 4065 1205 4152 legatis
1228 4067 1270 4131 ad
1294 4066 1398 4132 donii-

341 4193 421 4235 num
444 4176 594 4236 nostrum
610 4191 718 4254 regem
735 4190 756 4233 a
777 4167 880 4234 latere
903 4175 1013 4234 vestro
1029 4169 1171 4244 directis,
1186 4169 1234 4233 cis
1249 4169 1396 4233 omnium

341 4295 415 4358 quae
438 4273 526 4336 inter
549 4270 719 4335 dominum
744 4268 1015 4334 Cantuariensem
1039 4269 1257 4334 vertebantur
1280 4275 1315 4333 et
1337 4291 1396 4334 nos

339 4375 559 4461 cognitionem
575 4372 700 4458 pariter
714 4377 748 4436 et
770 4370 1003 4438 diffinitionem
1023 4371 1251 4451 commisistis;
1273 4371 1395 4438 litteris

373 4638 381 4672 ¹
399 4634 594 4696 mansuetudine,
607 4634 638 4698 0,
652 4636 683 4689 G.
923 4633 934 4665 ³
951 4633 1139 4695 inuoceatirror,
1166 4635 1206 4695 C;
1237 4636 1395 4698 incerrtr'runr,

370 4717 382 4751 ²
398 4718 560 4768 anxietates?
892 4715 925 4765 G.
