3278 5662
236 845 302 899 au.
324 827 436 915 ruo]
676 847 857 900 maroam.
1232 837 1297 904 199

248 1030 448 1121 mogenitus'
467 1035 557 1100 filius
586 1056 673 1114 suus,
703 1055 763 1123 pro
796 1056 907 1101 amore
930 1033 993 1099 Dei
1016 1039 1051 1100 et
1080 1041 1202 1114 nostro,
1225 1037 1316 1103 vice

248 1156 310 1202 sua
339 1136 487 1204 osculum
510 1137 689 1203 exhiberet.
736 1136 895 1224 Magister
917 1157 1046 1221 quoque
1070 1136 1233 1202 Vivianus
1255 1138 1298 1204 ad

250 1242 398 1303 nostram
420 1238 630 1324 praesentiam
653 1260 804 1304 reversus
830 1239 927 1304 nobis
949 1237 1143 1324 diligentius
1165 1238 1299 1304 intime-

248 1339 309 1417 vit,
332 1341 421 1426 quod
446 1341 631 1427 jamdicto
664 1341 917 1429 archiepiscopo,
951 1341 1036 1406 sicut
1071 1341 1106 1404 in
1138 1341 1301 1427 colloquio

250 1443 341 1528 apud
370 1442 519 1509 Montem
543 1444 746 1531 Martyrum?
764 1444 880 1509 habito
910 1443 1129 1519 intellexerat,
1159 1444 1300 1530 gratiam

258 1550 293 1610 et
322 1565 467 1611 amorem
505 1568 602 1611 suum
632 1547 842 1635 concederet;
873 1553 908 1612 et
944 1547 1053 1632 ipsum
1084 1546 1302 1632 possessiones

251 1668 336 1724 suae,
359 1647 446 1712 sicut
479 1649 697 1733 praedecessor
718 1670 774 1715 eas
797 1668 944 1733 unquam
976 1648 1094 1713 melius
1127 1647 1302 1726 habuerit,1

247 1748 371 1814 faceret
385 1749 534 1815 obtinere
547 1775 555 1830 3
578 1770 705 1816 necnon
721 1754 755 1814 et
769 1748 859 1814 mille
881 1770 1009 1816 merces
1024 1750 1054 1815 ei
1066 1771 1125 1835 pro
1140 1755 1302 1836 apparatu

247 1872 306 1917 suo
334 1852 377 1917 ad
394 1873 537 1937 praesens
553 1853 722 1919 conferret.
762 1852 855 1930 Inde,
875 1850 1052 1938 (siquidem
1069 1853 1223 1938 estquod
1244 1872 1304 1918 nos

255 1954 295 2020 de
334 1953 521 2039 prudentia,
545 1954 741 2020 discretione
764 1974 895 2040 quoque
917 1958 951 2018 et
981 1953 1154 2019 honestate
1184 1960 1305 2044 vestra,

258 2055 389 2143 plenam
429 2056 464 2120 in
501 2056 655 2121 omnibus
686 2075 777 2142 spem
815 2054 1035 2140 fiduciamque
1072 2059 1233 2136 tenentes,
1271 2061 1305 2121 et

259 2157 346 2242 quod
385 2157 481 2222 nobis
519 2163 554 2223 et
592 2157 735 2224 ecclesiae
774 2156 933 2223 Romanae
971 2157 1191 2223 sincerissima
1228 2159 1307 2225 estis

255 2257 431 2325 devotione
453 2260 591 2336 astricti,
611 2258 828 2325 nihilominus
842 2258 1067 2344 attendentes)
1086 2280 1145 2325 vos
1165 2259 1209 2326 ad
1223 2281 1307 2346 prae·

259 2362 467 2427 nominatum
498 2382 607 2449 regem
639 2365 674 2427 et
703 2360 983 2447 archiepiscopum
1006 2380 1065 2446 pro
1087 2358 1189 2447 hujus
1218 2363 1307 2448 pacis

257 2464 466 2530 exsecutione
490 2464 647 2529 duximus
669 2463 951 2529 transmittendos,
999 2462 1160 2543 Quocirca
1189 2462 1307 2529 frater-

258 2566 358 2632 nitati
381 2573 500 2631 vestrae
531 2586 590 2652 per
621 2565 800 2652 apostolica
833 2565 956 2651 scripte
979 2563 1174 2629 mandamus
1208 2571 1308 2652 atque

260 2669 477 2755 praecipimus,
501 2688 629 2734 necnon
660 2672 695 2733 et
725 2668 760 2732 in
784 2668 910 2732 virtute
932 2665 1129 2732 obedientiae
1162 2667 1310 2755 iujungi-

263 2792 347 2848 mus,
370 2776 534 2856 quatenus
556 2771 592 2835 in
615 2793 720 2836 unum
743 2767 890 2857 pariter²
907 2769 1149 2847 convenientes,
1166 2770 1208 2835 ad
1232 2791 1312 2837 eun-

258 2873 332 2939 dem
359 2893 469 2960 regem
500 2872 626 2938 eundi³
648 2873 736 2939 infra
757 2893 903 2937 mensem
926 2877 1002 2958 post
1031 2871 1150 2936 harum
1182 2894 1310 2959 suscep-

262 2975 387 3041 tionem
420 2975 632 3041 litterarum⁴
663 2976 728 3040 iter
762 2971 950 3060 arripiatis,⁶
984 2978 1018 3038 et
1041 2994 1116 3038 eum
1140 2994 1181 3037 ex
1216 2979 1310 3059 parte

265 3077 330 3144 Dei
365 3083 400 3143 et
431 3084 545 3144 nostra
576 3077 769 3163 diligentius
804 3096 842 3142 ac
865 3073 1038 3141 sollicitius
1072 3075 1244 3153 moneatis,
1278 3082 1312 3142 et

260 3179 469 3246 multimodis
492 3179 651 3246 inclinare
673 3177 805 3256 curetis
828 3178 916 3263 quod
939 3176 1115 3263 saepedicto
1134 3175 1476 3264 archiepis-rauna

277 3304 359 3369 cose
375 3303 487 3368 facem
512 3290 547 3346 et
570 3282 781 3346 securitatem
799 3301 892 3345 suam
916 3279 1082 3356 concedat,
1106 3292 1141 3345 et
1164 3302 1249 3359 eum,
1272 3262 1462 3375 obffssfjrffd

256 3385 389 3451 Divinae
432 3384 617 3469 majestatis
646 3383 866 3448 reverentiam
898 3388 933 3447 et
962 3402 1023 3468 pro
1060 3380 1184 3449 honore
1222 3383 1311 3449 beati
1324 3391 1378 3441 tion
1390 3391 1422 3440 of

259 3486 351 3552 Petri
382 3506 421 3552 ac
450 3490 563 3551 nostro
598 3506 725 3550 necnon
749 3490 784 3549 et
816 3505 877 3570 pro
899 3484 1006 3550 salute
1028 3505 1097 3561 sua,
1131 3485 1168 3548 in
1201 3485 1311 3553 osculo
1325 3466 1452 3523 ΨΜ·

260 3589 350 3674 pecis
379 3588 527 3675 recipiat,
559 3593 593 3652 et
624 3588 688 3673 ipsi
719 3607 758 3654 ae
788 3588 856 3651 suis
890 3586 1061 3652 universes
1092 3587 1312 3672 possessiones

264 3713 387 3767 eorum,
410 3691 497 3757 sicut
519 3711 665 3775 unquam
690 3710 745 3755 eas
768 3689 886 3754 melius
908 3687 1064 3754 habuerit
1087 3691 1313 3774 (quemadmo-

262 3795 343 3859 dum
373 3814 433 3879 per
461 3792 631 3878 plerosque
662 3790 797 3857 nuntios
834 3795 972 3867 nostros,
1011 3796 1045 3855 et
1075 3792 1219 3857 maxime
1252 3814 1312 3879 per

263 3896 420 3964 dilectum
452 3894 558 3959 filium
597 3899 746 3959 nostrum
788 3891 1005 3974 Willelmum,
1036 3892 1158 3959 titulo⁷
1195 3893 1312 3963 Sancti

261 3997 352 4063 Petri
390 3998 434 4062 ad
479 3995 643 4062 Vincula8
680 3995 909 4082 presbyterum
956 3995 1162 4074 cardinalem,
1209 4002 1310 4083 atque

262 4099 490 4186 praescriptum
528 4098 719 4174 Vicianum,
764 4097 873 4183 ipsum
919 4096 1083 4163 facturum
1123 4099 1310 4184 promisisse

265 4201 463 4287 accepimus)
492 4200 670 4265 clementer
692 4198 848 4264 restituet
860 4223 868 4277 ;
891 4203 925 4263 et
947 4198 1042 4262 illum
1073 4200 1117 4265 ad
1140 4199 1308 4266 ecclesiam

286 4426 292 4457 ¹
321 4424 518 4485 latuic,A,0;
535 4422 751 4485 latuerar,z‚L.
779 4438 781 4443 '
835 4423 1007 4490 Memphitis,
1018 4425 1048 4476 L.

289 4505 453 4571 ²poriler,Z
463 4527 470 4566 ;
488 4519 538 4553 om.
550 4503 580 4552 L.
837 4502 1029 4567 ᾗοαιη,Δ,0;
1046 4506 1149 4566 carcub.

287 4585 298 4618 ³
322 4585 404 4646 eundi,
424 4585 458 4643 Α,
478 4584 509 4643 0,
529 4583 566 4642 Z;
584 4581 696 4644 eundum,
715 4583 742 4633 V
752 4603 782 4643 3·
836 4581 937 4645 wirnt,
948 4585 977 4634 Z.

253 4681 304 4717 om.
318 4664 347 4715 L.
837 4662 848 4694 ⁸
866 4662 973 4723 uinculo,
984 4662 1018 4712 V.

285 4746 295 4778 ⁴
319 4743 529 4806 litterararum.
541 4740 576 4792 Δ.
