3278 5662
370 764 434 827 626
807 782 990 832 nemroth.
1225 768 1306 853 [an.
1325 763 1427 833 11⁷2.

367 961 496 1028 oaelitus
529 984 588 1048 per
618 964 761 1050 gratiam
796 969 955 1049 proveeta
986 969 1021 1028 et
1059 964 1205 1050 perfeeto
1237 963 1426 1038 liberalitas

367 1064 498 1148 aperuit
520 1065 563 1129 ad
585 1065 767 1130 videndum
798 1065 1004 1130 calamitates
1040 1064 1185 1130 ecolesiae
1218 1065 1424 1152 Anglioanae,

366 1169 401 1229 et
432 1165 468 1229 in
498 1166 777 1232 subventioneml
799 1188 983 1252 pauperum
1006 1163 1134 1232 christi
1168 1167 1327 1252 portastis
1362 1185 1425 1252 pro

367 1288 405 1331 ea
427 1268 556 1353 pondus
578 1269 644 1333 diei
667 1275 702 1333 et
729 1274 839 1345 astus,
862 1272 897 1333 at
919 1269 966 1334 sio
988 1268 1151 1334 athletam
1175 1290 1236 1354 pro
1258 1269 1331 1355 lege
1355 1268 1424 1333 Dei

365 1370 525 1435 adversus
556 1370 675 1456 impios
709 1370 934 1447 dimicantem,
966 1369 1047 1435 dum
1081 1369 1187 1446 linuit,
1220 1368 1421 1435 custodistis

365 1475 525 1556 tanquam
564 1472 726 1558 pupillam
757 1471 845 1537 oouli
884 1471 996 1537 vestri.
1043 1471 1159 1536 Fidem
1198 1476 1346 1538 vestram
1385 1476 1423 1536 et

365 1574 582 1662 diligentiam,
613 1595 679 1660 qua
710 1575 805 1639 nohis
840 1595 953 1660 paoem
987 1575 1198 1661 procurastis,
1231 1578 1422 1640 remuneret

365 1679 465 1758 Deus,
488 1701 554 1766 qua
584 1679 670 1744 nihil
703 1702 745 1744 ex
777 1680 1048 1767 eontingentibus
1079 1701 1100 1745 a
1135 1680 1230 1745 vobis
1260 1680 1421 1746 omissum
1545 1744 1549 1749 .

365 1788 423 1858 est,
469 1787 509 1847 ut
546 1781 730 1847 infortunia
777 1786 891 1848 nostra
928 1782 1024 1848 vobis
1063 1781 1208 1847 debeant
1244 1782 1418 1868 imputari.

363 1883 483 1948 Forma
504 1882 667 1968 siquidem
690 1883 780 1970 pacis
803 1883 993 1948 solemniter
1016 1884 1110 1949 initae
1125 1884 1254 1950 eunctis
1277 1883 1352 1948 visa
1367 1889 1420 1949 est

364 1983 456 2048 utilis
490 1991 525 2049 et
559 1984 707 2061 honesta,
737 2005 813 2050 oum
845 1982 881 2048 in
916 1984 974 2049 illo
1007 1985 1217 2050 celeberrimo
1250 1989 1417 2050 conventu

364 2092 533 2151 tantorum
572 2108 687 2173 regum
721 2085 858 2152 maximi
898 2092 933 2151 et
970 2087 1206 2172 sapientissimi
1244 2086 1411 2174 principes

363 2189 604 2255 convenissent.
650 2189 844 2257 Reformatu
859 2210 937 2275 orgo
961 2211 1040 2275 paee
1062 2211 1166 2276 regna
1187 2191 1305 2276 gavisa
1327 2195 1417 2255 sunt

363 2292 429 2356 Sed
453 2291 532 2376 quid
556 2312 577 2356 a
599 2291 755 2355 membris
778 2290 903 2355 diaboli
934 2297 1015 2358 tuno
1037 2297 1193 2379 ageretur
1225 2293 1273 2358 rei
1304 2294 1418 2358 exitus

362 2394 534 2471 indioavit,
557 2395 585 2458 si
617 2399 729 2459 tamen
753 2393 794 2458 ad
818 2415 916 2458 suum
948 2394 1103 2459 exitum²
1137 2396 1325 2481 pervenisse
1348 2417 1417 2462 ora·

363 2495 463 2560 dandi
497 2500 577 2559 sunt
612 2495 679 2579 qui,
714 2495 749 2558 in
773 2495 1007 2560 contumeliam
1043 2496 1107 2561 Dei
1130 2496 1194 2561 sibi
1230 2496 1416 2563 vindictam

363 2594 584 2675 reservantis,⁸
605 2601 737 2661 tantum
762 2597 890 2662 facinus
913 2598 1158 2664 commiserunt.
1204 2598 1304 2664 Absit
1326 2599 1417 2664 enim

364 2705 403 2764 ut
424 2699 510 2765 hauc
531 2697 672 2785 gloriam
696 2718 787 2762 suam
811 2697 908 2762 alteri
940 2700 1037 2765 cedat
1071 2700 1230 2767 terribilis
1263 2700 1336 2766 Ille'
1357 2700 1417 2786 qui

363 2800 475 2866 aufert
507 2801 662 2886 spiritum
701 2800 898 2886 principum,
936 2807 971 2866 at
1009 2823 1064 2867 eos
1102 2804 1160 2888 qui
1200 2803 1419 2869 inauditum‘

364 2901 528 2988 flagitium
561 2909 766 2987 perpetrasse
797 2906 987 2979 noscuntur,
1021 2910 1111 2981 nola,
1135 2910 1169 2969 et
1203 2926 1271 2969 non
1302 2905 1416 2990 potius

364 3003 567 3081 miraculosa,
601 3003 759 3089 percellat
790 3003 925 3069 ultione.
973 3004 1061 3069 Nam
1084 3010 1218 3072 sanctus
1250 3006 1415 3094 pontifex,

364 3106 450 3171 siout
484 3105 599 3170 vobis⁵
633 3105 708 3169 aliis
742 3104 865 3169 littoris
898 3105 965 3170 fida
996 3107 1155 3172 relatione
1190 3107 1414 3193 significatum

362 3214 420 3285 est,
444 3209 484 3272 de
507 3208 662 3272 {arumnis
686 3206 785 3291 hujus
808 3205 920 3272 saeouli
942 3208 1084 3292 glorioso
1106 3210 1267 3294 martyrio
1291 3211 1413 3297 migra-

362 3310 413 3374 vit
436 3310 478 3374 ad
512 3309 700 3385 Dominum,
726 3314 764 3372 ut
794 3308 864 3393 jam
888 3310 1003 3374 sedeat
1033 3332 1108 3375 oum
1142 3311 1353 3397 principibus,
1378 3318 1414 3377 ot

356 3411 486 3495 judicet
504 3433 578 3475 ·eos
617 3410 674 3494 qui
714 3432 747 3474 se
786 3411 1088 3495 angustiaverunt,
1111 3419 1145 3477 ot
1182 3412 1413 3480 haereditatem

362 3511 487 3577 Christi
511 3511 618 3576 delere
642 3512 751 3576 conati
775 3516 862 3575 sunt.
910 3511 993 3576 Cum
1029 3514 1117 3576 enim
1142 3513 1304 3591 Christus,
1327 3515 1414 3581 velit

361 3613 454 3689 nolit,
478 3616 667 3698 persecutor
691 3613 745 3686 sit,
779 3612 870 3676 Deus
893 3634 991 3698 super
1014 3615 1125 3677 omnia
1150 3615 1343 3681 benedictus
1375 3617 1412 3681 in

360 3714 487 3791 saecula,
536 3718 767 3778 momentanea
814 3714 990 3798 potestatis
1038 3715 1135 3779 elatae
1176 3718 1275 3800 (sieut
1323 3739 1412 3804 saepe

361 3816 498 3879 audiens
522 3813 686 3897 doluistis)
712 3815 927 3900 praesumptio
958 3836 1053 3878 suum
1086 3815 1241 3881 honorem
1266 3823 1300 3883 et
1329 3819 1412 3883 abu-

361 3917 468 3981 siones
489 3921 640 3981 veterum
657 3921 876 4000 tyrannorum
899 3916 1068 4001 perpetuis
1090 3916 1220 4003 legibus
1243 3923 1278 3983 et
1292 3919 1410 3984 honori

360 4019 425 4085 Dei
458 4017 666 4084 machinatus
698 4024 749 4082 est
783 4017 955 4081 anteferre.
1015 4018 1059 4084 Et
1090 4040 1132 4083 ne
1170 4020 1244 4105 quis
1275 4020 1410 4107 obloqui

359 4121 483 4186 audeat
505 4125 565 4185 aut
587 4120 717 4195 mutire,
741 4118 800 4184 alii
831 4125 981 4183 nostrum
1006 4121 1095 4206 capti
1119 4126 1199 4185 sunt
1221 4126 1256 4187 et
1289 4124 1410 4188 retrusi

359 4225 394 4288 in
428 4244 597 4300 carcerem,
629 4222 687 4285 ulii
722 4221 906 4307 proscripti,
941 4221 999 4286 ulii
1034 4223 1244 4288 condemnati
1283 4224 1410 4304 exsilio,

394 4451 605 4508 'subvectionem
630 4448 663 4509 0,
686 4446 726 4506 A;
752 4446 856 4497 subven-
941 4447 1178 4509 ³reservanteu,L.

360 4534 452 4588 tiouenr,
463 4531 493 4579 L.
943 4528 952 4559 ⁴
969 4526 1092 4587 auditum,
1103 4527 1135 4586 0,
1146 4527 1173 4576 A
1184 4548 1190 4587 ς
1209 4526 1356 4588 inauditum,
1367 4529 1399 4580 L.

391 4610 521 4671 ²erinna,
549 4609 586 4667 A.
614 4607 646 4665 0,
675 4607 710 4665 Z;
739 4621 790 4655 orn.
815 4606 858 4664 V;
942 4604 1090 4665 ⁶uotiuL,

358 4690 437 4751 rnen
448 4688 479 4739 1..
