3278 5662
849 750 1029 800 arrsroan.
1263 738 1343 821 [an.
1362 735 1457 803 1170.

827 1068 1049 1135 DOXXVIII.

433 1216 654 1282 Anaxaanaa
676 1234 763 1282 rara
785 1219 1063 1285 Mraouanausr
1086 1234 1360 1285 anamnmscono
1393 1237 1434 1284 nr

723 1320 944 1386 N1vnaunas1
977 1334 1164 1387 missores

462 1469 508 1528 (A.
520 1472 568 1528 393
587 1467 616 1518 0.
629 1467 654 1517 ii.
667 1473 717 1527 ³33
736 1468 763 1519 Z.
773 1484 797 1518 v.
810 1472 840 1528 43
859 1470 923 1532 Lup.
937 1485 959 1518 v.
972 1474 1006 1528 43
1023 1468 1116 1520 Thom.
1129 1473 1195 1528 25⁴3
1213 1471 1255 1520 W.
1268 1471 1342 1521 Cant.
1356 1472 1410 1530 78.)

243 1596 378 1676 Tneoom-
456 1595 620 1676 Quoniam
643 1596 683 1660 de
700 1601 818 1662 vestrae
833 1596 1020 1663 devotionis
1034 1619 1073 1663 ac
1095 1598 1296 1664 sinceritatis
1318 1599 1455 1674 fervore,

242 1677 389 1780 mm
409 1695 606 1762 discretione
640 1719 778 1783 quoque,
816 1698 1018 1776 maturitate,
1052 1706 1087 1763 et
1123 1699 1301 1784 prudentia
1336 1705 1455 1778 vestra,

242 1793 350 1910 {HQ
370 1798 541 1914 toplenam
572 1797 609 1862 in
643 1799 795 1863 omnibus
827 1820 919 1884 spem
951 1799 1172 1884 fiduciamque
1204 1806 1362 1876 tenemus,
1396 1822 1455 1864 vos

242 1874 369 1994 afflffi
408 1901 453 1966 ad
468 1899 713 1965 exsecutionem
727 1900 818 1986 pacis
834 1899 1032 1965 venerabilis
1054 1900 1166 1964 fratris
1181 1901 1286 1966 nostri
1312 1901 1455 1976 Thomas,

409 2000 657 2068 (lantuariensis
679 2000 925 2087 archiepiscopi,
949 2023 1017 2089 prae
1040 2001 1168 2068 caeteris
1198 2002 1291 2088 regni
1314 2003 1454 2068 Franco·

409 2125 484 2168 rum
518 2102 666 2190 personis
700 2103 868 2189 elegimus,
891 2109 926 2168 et
956 2104 1000 2168 ad
1031 2105 1236 2169 carissimum
1263 2104 1299 2167 in
1322 2103 1455 2169 Christo

409 2204 516 2268 filium
547 2209 698 2269 nostrum
725 2204 914 2282 Hominum,
937 2205 1099 2270 illustrem
1122 2204 1305 2292 Anglorum
1336 2228 1454 2291 regem,

409 2305 496 2371 siout
531 2327 589 2391 per
620 2304 704 2370 alias
731 2304 827 2369 vobis
860 2304 989 2369 litteras
1020 2303 1288 2390 significavimus,
1321 2311 1455 2390 propter

409 2406 470 2471 hoc
492 2405 648 2472 duximus
670 2405 949 2471 transmittendos.
996 2405 1103 2484 Unde,
1127 2406 1283 2490 quoniam
1313 2407 1452 2471 eundem

409 2529 517 2592 regem
541 2507 750 2592 postmodum
765 2507 801 2570 in
826 2506 984 2592 Angliam
1006 2506 1195 2571 audivimus
1217 2509 1454 2583 transfretasse,

408 2629 450 2673 ne
484 2609 569 2674 forte
600 2608 751 2695 praedicti
774 2607 1007 2693 archiepiscopi
1031 2608 1202 2694 negotium
1237 2615 1370 2694 propter
1393 2609 1455 2674 hoc

408 2709 533 2795 possit¹
567 2708 815 2795 quomodolibet
838 2708 992 2794 impediri
1021 2709 1093 2773 sive
1115 2710 1278 2797 protendi,
1301 2711 1455 2776 fraterni-

409 2813 473 2877 tati
496 2810 637 2889 vestrae,¹
659 2833 717 2897 per
748 2811 869 2876 iterata
891 2810 1014 2896 scripta
1043 2811 1247 2887 mandamus,
1270 2817 1305 2876 et
1327 2812 1361 2875 in
1386 2813 1454 2877 vir-

408 2917 482 2978 tute
514 2913 711 2978 obedientiae
740 2910 955 2997 injungimus,
978 2915 1150 2996 quatenus,
1174 2911 1281 2978 sicut³
1310 2914 1452 2998 gratiam

408 3015 496 3081 beati
521 3015 611 3080 Petri
634 3036 673 3081 ac
694 3019 842 3080 nostram
864 3035 975 3079 caram
997 3003 1136 3091 habetis,
1158 3021 1193 3079 ct
1215 3036 1275 3080 nos
1297 3021 1331 3080 et
1353 3017 1454 3081 eoele-

407 3117 491 3181 siam
530 3116 712 3180 Romanam
750 3115 792 3180 de
828 3114 999 3180 honestate
1038 3135 1076 3181 ac
1112 3116 1299 3181 constantia
1342 3124 1453 3181 vestra

407 3217 580 3283 volueritis
602 3217 713 3303 aliqua
735 3216 776 3280 de
799 3221 916 3281 caetero
940 3214 1067 3281 ratione
1096 3216 1267 3293 confidere,
1290 3217 1326 3280 in
1349 3239 1451 3281 unum

407 3323 532 3406 pariter
547 3318 788 3394 convenientes,
804 3317 847 3381 ad
868 3322 1085 3382 memoratum
1109 3337 1218 3401 regem
1241 3318 1342 3381 eundi
1365 3319 1452 3383 infra

408 3418 531 3504 viginti
555 3417 624 3482 dies
648 3422 722 3503 post
746 3416 862 3481 harum
886 3417 1126 3503 susceptionem
1149 3415 1345 3494 litterarum,
1361 3421 1450 3484 omni

407 3519 618 3584 excusatione
641 3520 832 3604 postposita,
855 3517 920 3582 nisi
943 3518 978 3581 id
1003 3518 1076 3602 jam
1104 3515 1190 3581 forte
1212 3516 1366 3596 feceritis,
1388 3521 1452 3586 iter

406 3620 583 3706 arripiatis,
605 3626 640 3685 ct
671 3620 714 3684 nd
748 3642 823 3684 eum
857 3620 1013 3685 festinare
1044 3617 1174 3685 curetis.
1219 3619 1304 3684 (lum
1339 3628 1450 3686 autern

407 3723 478 3808 ejus
510 3721 720 3807 praesentiam
751 3721 944 3797 habueritis,
967 3741 1027 3785 vos
1051 3719 1116 3805 ipsi
1149 3741 1284 3807 eaquae
1318 3723 1354 3787 in
1376 3725 1451 3790 aliis

406 3823 529 3889 litteris
560 3822 682 3888 nostris
706 3821 801 3887 vobis
831 3822 1061 3907 expressimus,
1091 3820 1177 3886 sicut
1199 3821 1288 3888 viros
1318 3826 1451 3910 pontifi-

406 3925 487 3993 calis
525 3924 723 3993 constantiae
758 3924 860 4003 decet,
898 3923 988 3989 omni
1025 3922 1234 3989 dubitatione
1265 3930 1300 3990 et
1334 3927 1451 3992 timore

407 4083 492 4092 ,.-.-.

439 4156 447 4190 ¹
461 4158 553 4222 poscit,
565 4154 601 4206 V.
985 4151 997 4184 ³
1011 4153 1088 4213 sicat,
1098 4167 1149 4202 om.
1162 4151 1194 4203 Α.

439 4237 450 4270 ²
459 4233 651 4301 fraternitatem
663 4238 775 4290 toabam,
788 4230 824 4283 V.

437 4461 448 4482 ¹
465 4448 533 4501 Jafft
545 4449 624 4500 refers
641 4448 692 4498 thia
709 4447 784 4497 letter
801 4455 827 4497 to
839 4442 905 4497 Feb·
925 4460 928 4471 ¹
951 4446 1021 4496 week
1032 4445 1064 4496 of
1076 4440 1167 4496 March
1178 4446 1235 4497 that
1245 4444 1338 4514 fleury
1349 4454 1451 4525 crosscd

404 4546 495 4595 ruarys
520 4530 567 4578 but
585 4527 628 4577 the
649 4529 709 4578 date
727 4527 808 4592 ought
827 4533 854 4575 to
872 4527 904 4575 be
949 4525 1013 4576 from
1042 4526 1082 4576 hia
1115 4524 1273 4576 contincatal
1308 4528 1450 4581 domimous

403 4611 476 4673 later,
492 4624 521 4658 as
539 4607 558 4657 it
570 4621 623 4656 was
640 4612 685 4656 not
702 4604 766 4655 until
784 4605 826 4655 the
847 4605 902 4654 first
949 4604 1003 4656 into
1015 4604 1144 4672 England.
1176 4606 1224 4658 See
1237 4605 1460 4672 anatomicos„
