<?xml version="1.0" encoding="UTF-8"?>
<!DOCTYPE html PUBLIC "-//W3C//DTD XHTML 1.0 Transitional//EN"
    "http://www.w3.org/TR/xhtml1/DTD/xhtml1-transitional.dtd">
<html xmlns="http://www.w3.org/1999/xhtml" xml:lang="en" lang="en">
 <head>
  <title>
</title>
<meta http-equiv="Content-Type" content="text/html;charset=utf-8" />
  <meta name='ocr-system' content='tesseract 3.04.00' />
  <meta name='ocr-capabilities' content='ocr_page ocr_carea ocr_par ocr_line ocrx_word'/>
</head>
<body>
  <div class='ocr_page' id='page_1' title='image "./materialsforhis00robegoog/materialsforhis00robegoog_0339.png"; bbox 0 0 3278 5662; ppageno 0'>
   <div class='ocr_carea' id='block_1_1' title="bbox 346 737 1403 830">
    <p class='ocr_par' dir='ltr' id='par_1_1' title="bbox 346 737 1403 830">
     <span class='ocr_line' id='line_1_1' title="bbox 346 737 1403 830; baseline 0.013 -31"><span class='ocrx_word' id='word_1_1' title='bbox 346 737 411 800; x_wconf 76' lang='lat'>314</span> <span class='ocrx_word' id='word_1_2' title='bbox 789 758 970 807; x_wconf 77' lang='lat' dir='ltr'>mrsronn.</span> <span class='ocrx_word' id='word_1_3' title='bbox 1208 748 1287 830; x_wconf 74' lang='lat' dir='ltr'>[no.</span> <span class='ocrx_word' id='word_1_4' title='bbox 1307 750 1403 815; x_wconf 86' lang='lat'>1170.</span> 
     </span>
    </p>
   </div>
   <div class='ocr_carea' id='block_1_2' title="bbox 342 934 1401 1627">
    <p class='ocr_par' dir='ltr' id='par_1_2' title="bbox 342 934 1401 1627">
     <span class='ocr_line' id='line_1_2' title="bbox 342 934 1401 1025; baseline 0.008 -27"><span class='ocrx_word' id='word_1_5' title='bbox 342 934 420 1000; x_wconf 88' lang='lat' dir='ltr'>dam</span> <span class='ocrx_word' id='word_1_6' title='bbox 457 936 531 1001; x_wconf 87' lang='lat' dir='ltr'>aliis</span> <span class='ocrx_word' id='word_1_7' title='bbox 568 938 813 1003; x_wconf 86' lang='lat' dir='ltr'>nomine-tenue</span> <span class='ocrx_word' id='word_1_8' title='bbox 851 939 1023 1025; x_wconf 84' lang='lat' dir='ltr'>episcopis,</span> <span class='ocrx_word' id='word_1_9' title='bbox 1061 961 1202 1024; x_wconf 90' lang='lat' dir='ltr'>quorum</span> <span class='ocrx_word' id='word_1_10' title='bbox 1242 942 1401 1007; x_wconf 89' lang='lat' dir='ltr'>memoria</span> 
     </span>
     <span class='ocr_line' id='line_1_3' title="bbox 344 1035 1401 1131; baseline 0.01 -32"><span class='ocrx_word' id='word_1_11' title='bbox 344 1035 381 1099; x_wconf 89' lang='lat' dir='ltr'>in</span> <span class='ocrx_word' id='word_1_12' title='bbox 411 1037 639 1103; x_wconf 72' lang='lat' dir='ltr'>maledictione</span> <span class='ocrx_word' id='word_1_13' title='bbox 674 1044 732 1106; x_wconf 85' lang='lat' dir='ltr'>est.</span> <span class='ocrx_word' id='word_1_14' title='bbox 778 1039 844 1105; x_wconf 86' lang='lat' dir='ltr'>Vos</span> <span class='ocrx_word' id='word_1_15' title='bbox 881 1062 967 1126; x_wconf 83' lang='lat' dir='ltr'>ergo,</span> <span class='ocrx_word' id='word_1_16' title='bbox 991 1047 1097 1127; x_wconf 86' lang='lat' dir='ltr'>pater,</span> <span class='ocrx_word' id='word_1_17' title='bbox 1121 1042 1162 1107; x_wconf 89' lang='lat' dir='ltr'>de</span> <span class='ocrx_word' id='word_1_18' title='bbox 1185 1048 1303 1109; x_wconf 86' lang='lat' dir='ltr'>caetero</span> <span class='ocrx_word' id='word_1_19' title='bbox 1327 1065 1401 1131; x_wconf 91' lang='lat' dir='ltr'>pro·</span> 
     </span>
     <span class='ocr_line' id='line_1_4' title="bbox 345 1135 1399 1227; baseline 0.012 -30"><span class='ocrx_word' id='word_1_20' title='bbox 345 1135 456 1201; x_wconf 89' lang='lat' dir='ltr'>videte</span> <span class='ocrx_word' id='word_1_21' title='bbox 486 1137 627 1203; x_wconf 75' lang='lat' dir='ltr'>ecclesiae</span> <span class='ocrx_word' id='word_1_22' title='bbox 650 1138 698 1202; x_wconf 92' lang='lat' dir='ltr'>illi</span> <span class='ocrx_word' id='word_1_23' title='bbox 733 1160 807 1224; x_wconf 83' lang='lat' dir='ltr'>quae</span> <span class='ocrx_word' id='word_1_24' title='bbox 835 1141 938 1227; x_wconf 87' lang='lat' dir='ltr'>periit</span> <span class='ocrx_word' id='word_1_25' title='bbox 961 1143 997 1205; x_wconf 92' lang='lat' dir='ltr'>in</span> <span class='ocrx_word' id='word_1_26' title='bbox 1028 1143 1182 1207; x_wconf 84' lang='lat' dir='ltr'>manibus</span> <span class='ocrx_word' id='word_1_27' title='bbox 1206 1144 1334 1221; x_wconf 86' lang='lat' dir='ltr'>vestris,</span> <span class='ocrx_word' id='word_1_28' title='bbox 1356 1166 1399 1210; x_wconf 91' lang='lat' dir='ltr'>ne</span> 
     </span>
     <span class='ocr_line' id='line_1_5' title="bbox 344 1238 1398 1324; baseline 0.008 -22"><span class='ocrx_word' id='word_1_29' title='bbox 344 1238 477 1323; x_wconf 82' lang='lat' dir='ltr'>sanguis</span> <span class='ocrx_word' id='word_1_30' title='bbox 515 1239 585 1323; x_wconf 85' lang='lat' dir='ltr'>ejus</span> <span class='ocrx_word' id='word_1_31' title='bbox 623 1241 809 1324; x_wconf 79' lang='lat' dir='ltr'>requiratur</span> <span class='ocrx_word' id='word_1_32' title='bbox 846 1264 866 1307; x_wconf 90' lang='lat' dir='ltr'>a</span> <span class='ocrx_word' id='word_1_33' title='bbox 904 1242 1010 1307; x_wconf 89' lang='lat' dir='ltr'>vobis.</span> <span class='ocrx_word' id='word_1_34' title='bbox 1069 1243 1165 1323; x_wconf 79' lang='lat' dir='ltr'>Quod</span> <span class='ocrx_word' id='word_1_35' title='bbox 1196 1244 1294 1310; x_wconf 87' lang='lat' dir='ltr'>aliter</span> <span class='ocrx_word' id='word_1_36' title='bbox 1325 1245 1398 1310; x_wconf 87' lang='lat' dir='ltr'>fieri</span> 
     </span>
     <span class='ocr_line' id='line_1_6' title="bbox 344 1340 1398 1423; baseline 0.009 -21"><span class='ocrx_word' id='word_1_37' title='bbox 344 1359 438 1423; x_wconf 87' lang='lat' dir='ltr'>posse</span> <span class='ocrx_word' id='word_1_38' title='bbox 471 1360 538 1404; x_wconf 89' lang='lat' dir='ltr'>non</span> <span class='ocrx_word' id='word_1_39' title='bbox 571 1340 733 1407; x_wconf 85' lang='lat' dir='ltr'>credimus</span> <span class='ocrx_word' id='word_1_40' title='bbox 766 1343 809 1406; x_wconf 91' lang='lat' dir='ltr'>ad</span> <span class='ocrx_word' id='word_1_41' title='bbox 842 1342 1069 1411; x_wconf 83' lang='lat' dir='ltr'>redimendam</span> <span class='ocrx_word' id='word_1_42' title='bbox 1101 1344 1224 1410; x_wconf 86' lang='lat' dir='ltr'>famam</span> <span class='ocrx_word' id='word_1_43' title='bbox 1255 1351 1290 1410; x_wconf 92' lang='lat' dir='ltr'>et</span> <span class='ocrx_word' id='word_1_44' title='bbox 1320 1368 1398 1412; x_wconf 91' lang='lat' dir='ltr'>con-</span> 
     </span>
     <span class='ocr_line' id='line_1_7' title="bbox 345 1441 1395 1530; baseline 0.012 -26"><span class='ocrx_word' id='word_1_45' title='bbox 345 1441 515 1506; x_wconf 78' lang='lat' dir='ltr'>scientiam</span> <span class='ocrx_word' id='word_1_46' title='bbox 549 1448 701 1522; x_wconf 86' lang='lat' dir='ltr'>veetram‚</span> <span class='ocrx_word' id='word_1_47' title='bbox 725 1445 789 1509; x_wconf 86' lang='lat' dir='ltr'>nisi</span> <span class='ocrx_word' id='word_1_48' title='bbox 822 1445 975 1530; x_wconf 84' lang='lat' dir='ltr'>praefatos</span> <span class='ocrx_word' id='word_1_49' title='bbox 1009 1445 1236 1514; x_wconf 86' lang='lat' dir='ltr'>malefactores</span> <span class='ocrx_word' id='word_1_50' title='bbox 1267 1448 1395 1517; x_wconf 88' lang='lat' dir='ltr'>virtute</span> 
     </span>
     <span class='ocr_line' id='line_1_8' title="bbox 345 1544 729 1627; baseline 0.01 -20"><span class='ocrx_word' id='word_1_51' title='bbox 345 1544 523 1627; x_wconf 87' lang='lat' dir='ltr'>apostoliea</span> <span class='ocrx_word' id='word_1_52' title='bbox 545 1546 729 1611; x_wconf 87' lang='lat' dir='ltr'>conteratis.</span> 
     </span>
    </p>
   </div>
   <div class='ocr_carea' id='block_1_3' title="bbox 768 1875 964 1942">
    <p class='ocr_par' dir='ltr' id='par_1_3' title="bbox 768 1875 964 1942">
     <span class='ocr_line' id='line_1_9' title="bbox 768 1875 964 1942; baseline 0 -2"><span class='ocrx_word' id='word_1_53' title='bbox 768 1875 964 1942; x_wconf 83' lang='lat' dir='ltr'>DOLXXV.</span> 
     </span>
    </p>
   </div>
   <div class='ocr_carea' id='block_1_4' title="bbox 388 2025 1352 2242">
    <p class='ocr_par' dir='ltr' id='par_1_4' title="bbox 388 2025 1352 2242">
     <span class='ocr_line' id='line_1_10' title="bbox 388 2025 1352 2093; baseline 0.002 -3"><span class='ocrx_word' id='word_1_54' title='bbox 388 2025 524 2092; x_wconf 70' lang='lat' dir='ltr'>Porrus</span> <span class='ocrx_word' id='word_1_55' title='bbox 546 2026 733 2092; x_wconf 76' lang='lat' dir='ltr'>Bnnsnrsrs</span> <span class='ocrx_word' id='word_1_56' title='bbox 755 2043 804 2092; x_wconf 79' lang='lat' dir='ltr'>no</span> <span class='ocrx_word' id='word_1_57' title='bbox 826 2027 995 2092; x_wconf 74' lang='lat' dir='ltr'>Joarunm</span> <span class='ocrx_word' id='word_1_58' title='bbox 1019 2026 1352 2093; x_wconf 80' lang='lat' dir='ltr'>Snausanarsusmr.1</span> 
     </span>
     <span class='ocr_line' id='line_1_11' title="bbox 446 2175 1296 2242; baseline 0.004 -20"><span class='ocrx_word' id='word_1_59' title='bbox 446 2175 515 2236; x_wconf 86' lang='lat' dir='ltr'>(Pet.</span> <span class='ocrx_word' id='word_1_60' title='bbox 528 2175 596 2224; x_wconf 81' lang='lat' dir='ltr'>Blae.</span> <span class='ocrx_word' id='word_1_61' title='bbox 609 2179 649 2236; x_wconf 80' lang='lat'>22,</span> <span class='ocrx_word' id='word_1_62' title='bbox 660 2176 699 2224; x_wconf 86' lang='lat' dir='ltr'>ed.</span> <span class='ocrx_word' id='word_1_63' title='bbox 713 2175 800 2242; x_wconf 87' lang='lat' dir='ltr'>Migne</span> <span class='ocrx_word' id='word_1_64' title='bbox 814 2177 923 2238; x_wconf 80' lang='lat' dir='ltr'>(Petrol.</span> <span class='ocrx_word' id='word_1_65' title='bbox 936 2175 1040 2237; x_wconf 86' lang='lat' dir='ltr'>ccvii.);</span> <span class='ocrx_word' id='word_1_66' title='bbox 1059 2176 1116 2227; x_wconf 88' lang='lat' dir='ltr'>MS.</span> <span class='ocrx_word' id='word_1_67' title='bbox 1130 2175 1226 2229; x_wconf 82' lang='lat' dir='ltr'>CCCC.</span> <span class='ocrx_word' id='word_1_68' title='bbox 1241 2179 1296 2239; x_wconf 77' lang='lat'>22.)</span> 
     </span>
    </p>
   </div>
   <div class='ocr_carea' id='block_1_5' title="bbox 336 2302 1396 4431">
    <p class='ocr_par' dir='ltr' id='par_1_5' title="bbox 343 2302 1394 2575">
     <span class='ocr_line' id='line_1_12' title="bbox 389 2302 1393 2391; baseline 0.004 -22"><span class='ocrx_word' id='word_1_69' title='bbox 389 2302 564 2370; x_wconf 73' lang='lat' dir='ltr'>Carissimo</span> <span class='ocrx_word' id='word_1_70' title='bbox 587 2306 692 2370; x_wconf 90' lang='lat' dir='ltr'>amico</span> <span class='ocrx_word' id='word_1_71' title='bbox 715 2326 774 2370; x_wconf 88' lang='lat' dir='ltr'>suo</span> <span class='ocrx_word' id='word_1_72' title='bbox 805 2306 962 2391; x_wconf 84' lang='lat' dir='ltr'>magistro</span> <span class='ocrx_word' id='word_1_73' title='bbox 985 2305 1107 2372; x_wconf 85' lang='lat' dir='ltr'>Joanni</span> <span class='ocrx_word' id='word_1_74' title='bbox 1130 2307 1172 2370; x_wconf 91' lang='lat' dir='ltr'>de</span> <span class='ocrx_word' id='word_1_75' title='bbox 1196 2305 1393 2384; x_wconf 85' lang='lat' dir='ltr'>Saresberia,</span> 
     </span>
     <span class='ocr_line' id='line_1_13' title="bbox 344 2406 1394 2493; baseline 0.003 -22"><span class='ocrx_word' id='word_1_76' title='bbox 344 2406 460 2471; x_wconf 85' lang='lat' dir='ltr'>Petrus</span> <span class='ocrx_word' id='word_1_77' title='bbox 483 2407 645 2472; x_wconf 86' lang='lat' dir='ltr'>Blesensis</span> <span class='ocrx_word' id='word_1_78' title='bbox 676 2407 921 2491; x_wconf 84' lang='lat' dir='ltr'>[Bathoniensis</span> <span class='ocrx_word' id='word_1_79' title='bbox 954 2407 1217 2493; x_wconf 84' lang='lat' dir='ltr'>archidiaconus]</span> <span class='ocrx_word' id='word_1_80' title='bbox 1252 2410 1394 2475; x_wconf 81' lang='lat' dir='ltr'>salutem</span> 
     </span>
     <span class='ocr_line' id='line_1_14' title="bbox 343 2508 682 2575; baseline 0.006 -3"><span class='ocrx_word' id='word_1_81' title='bbox 343 2508 380 2572; x_wconf 90' lang='lat' dir='ltr'>in</span> <span class='ocrx_word' id='word_1_82' title='bbox 402 2513 535 2575; x_wconf 89' lang='lat' dir='ltr'>auctore</span> <span class='ocrx_word' id='word_1_83' title='bbox 558 2509 682 2574; x_wconf 86' lang='lat' dir='ltr'>salutis.</span> 
     </span>
    </p>

    <p class='ocr_par' dir='ltr' id='par_1_6' title="bbox 336 2609 1396 4431">
     <span class='ocr_line' id='line_1_15' title="bbox 388 2609 1395 2697; baseline 0.006 -24"><span class='ocrx_word' id='word_1_84' title='bbox 388 2610 547 2690; x_wconf 79' lang='lat' dir='ltr'>Quotiens</span> <span class='ocrx_word' id='word_1_85' title='bbox 586 2631 772 2676; x_wconf 86' lang='lat' dir='ltr'>communes</span> <span class='ocrx_word' id='word_1_86' title='bbox 810 2609 952 2676; x_wconf 84' lang='lat' dir='ltr'>ecelesiae</span> <span class='ocrx_word' id='word_1_87' title='bbox 987 2609 1182 2695; x_wconf 78' lang='lat' dir='ltr'>Anglicanae</span> <span class='ocrx_word' id='word_1_88' title='bbox 1220 2632 1395 2697; x_wconf 71' lang='lat' dir='ltr'>pressuras,</span> 
     </span>
     <span class='ocr_line' id='line_1_16' title="bbox 342 2712 1394 2799; baseline 0.004 -22"><span class='ocrx_word' id='word_1_89' title='bbox 342 2713 532 2799; x_wconf 85' lang='lat' dir='ltr'>dominique</span> <span class='ocrx_word' id='word_1_90' title='bbox 563 2714 673 2793; x_wconf 87' lang='lat' dir='ltr'>vestri,</span> <span class='ocrx_word' id='word_1_91' title='bbox 705 2713 839 2778; x_wconf 66' lang='lat' dir='ltr'>Thomas</span> <span class='ocrx_word' id='word_1_92' title='bbox 869 2712 1105 2798; x_wconf 85' lang='lat' dir='ltr'>archiepiscopi</span> <span class='ocrx_word' id='word_1_93' title='bbox 1137 2713 1394 2794; x_wconf 70' lang='lat' dir='ltr'>Cantuariensis</span> 
     </span>
     <span class='ocr_line' id='line_1_17' title="bbox 342 2813 1395 2902; baseline 0.004 -23"><span class='ocrx_word' id='word_1_94' title='bbox 342 2815 505 2893; x_wconf 86' lang='lat' dir='ltr'>exsilium,</span> <span class='ocrx_word' id='word_1_95' title='bbox 529 2815 704 2902; x_wconf 84' lang='lat' dir='ltr'>diligenter</span> <span class='ocrx_word' id='word_1_96' title='bbox 735 2813 879 2890; x_wconf 89' lang='lat' dir='ltr'>attendo,</span> <span class='ocrx_word' id='word_1_97' title='bbox 903 2813 1083 2899; x_wconf 86' lang='lat' dir='ltr'>plurimum</span> <span class='ocrx_word' id='word_1_98' title='bbox 1125 2814 1207 2878; x_wconf 91' lang='lat' dir='ltr'>mihi</span> <span class='ocrx_word' id='word_1_99' title='bbox 1242 2816 1329 2881; x_wconf 84' lang='lat' dir='ltr'>cedit</span> <span class='ocrx_word' id='word_1_100' title='bbox 1352 2819 1395 2884; x_wconf 87' lang='lat' dir='ltr'>ad</span> 
     </span>
     <span class='ocr_line' id='line_1_18' title="bbox 342 2915 1396 3004; baseline 0.001 -21"><span class='ocrx_word' id='word_1_101' title='bbox 342 2917 496 2983; x_wconf 88' lang='lat' dir='ltr'>solatium</span> <span class='ocrx_word' id='word_1_102' title='bbox 520 2918 606 3004; x_wconf 88' lang='lat' dir='ltr'>quod</span> <span class='ocrx_word' id='word_1_103' title='bbox 629 2939 688 3003; x_wconf 93' lang='lat' dir='ltr'>pro</span> <span class='ocrx_word' id='word_1_104' title='bbox 706 2917 841 3002; x_wconf 88' lang='lat' dir='ltr'>justitia</span> <span class='ocrx_word' id='word_1_105' title='bbox 870 2915 934 2979; x_wconf 90' lang='lat' dir='ltr'>Dei</span> <span class='ocrx_word' id='word_1_106' title='bbox 968 2921 1003 2980; x_wconf 88' lang='lat' dir='ltr'>et</span> <span class='ocrx_word' id='word_1_107' title='bbox 1039 2937 1098 3001; x_wconf 92' lang='lat' dir='ltr'>pro</span> <span class='ocrx_word' id='word_1_108' title='bbox 1132 2916 1275 2982; x_wconf 84' lang='lat' dir='ltr'>ecclesiae</span> <span class='ocrx_word' id='word_1_109' title='bbox 1298 2918 1396 2984; x_wconf 88' lang='lat' dir='ltr'>liber·</span> 
     </span>
     <span class='ocr_line' id='line_1_19' title="bbox 341 3017 1393 3104; baseline 0.004 -19"><span class='ocrx_word' id='word_1_110' title='bbox 341 3026 410 3086; x_wconf 86' lang='lat' dir='ltr'>tate</span> <span class='ocrx_word' id='word_1_111' title='bbox 441 3043 475 3085; x_wconf 86' lang='lat' dir='ltr'>se</span> <span class='ocrx_word' id='word_1_112' title='bbox 504 3042 635 3084; x_wconf 86' lang='lat' dir='ltr'>murum</span> <span class='ocrx_word' id='word_1_113' title='bbox 669 3020 815 3104; x_wconf 89' lang='lat' dir='ltr'>opponit,</span> <span class='ocrx_word' id='word_1_114' title='bbox 838 3023 872 3083; x_wconf 88' lang='lat' dir='ltr'>et</span> <span class='ocrx_word' id='word_1_115' title='bbox 895 3039 936 3082; x_wconf 84' lang='lat' dir='ltr'>ex</span> <span class='ocrx_word' id='word_1_116' title='bbox 969 3017 1041 3103; x_wconf 85' lang='lat' dir='ltr'>ipsa</span> <span class='ocrx_word' id='word_1_117' title='bbox 1084 3020 1308 3101; x_wconf 85' lang='lat' dir='ltr'>perseeutione</span> <span class='ocrx_word' id='word_1_118' title='bbox 1331 3022 1393 3089; x_wconf 83' lang='lat' dir='ltr'>hac</span> 
     </span>
     <span class='ocr_line' id='line_1_20' title="bbox 340 3119 1393 3207; baseline 0.002 -20"><span class='ocrx_word' id='word_1_119' title='bbox 340 3123 439 3188; x_wconf 90' lang='lat' dir='ltr'>finem</span> <span class='ocrx_word' id='word_1_120' title='bbox 473 3124 654 3188; x_wconf 84' lang='lat' dir='ltr'>merebitur</span> <span class='ocrx_word' id='word_1_121' title='bbox 684 3121 872 3207; x_wconf 86' lang='lat' dir='ltr'>gloriosum.</span> <span class='ocrx_word' id='word_1_122' title='bbox 921 3119 1027 3184; x_wconf 88' lang='lat' dir='ltr'>Video</span> <span class='ocrx_word' id='word_1_123' title='bbox 1059 3121 1149 3205; x_wconf 89' lang='lat' dir='ltr'>quod</span> <span class='ocrx_word' id='word_1_124' title='bbox 1183 3122 1284 3205; x_wconf 84' lang='lat' dir='ltr'>positi</span> <span class='ocrx_word' id='word_1_125' title='bbox 1314 3124 1393 3189; x_wconf 87' lang='lat' dir='ltr'>estis</span> 
     </span>
     <span class='ocr_line' id='line_1_21' title="bbox 340 3222 1394 3308; baseline 0.001 -19"><span class='ocrx_word' id='word_1_126' title='bbox 340 3226 427 3291; x_wconf 90' lang='lat' dir='ltr'>inter</span> <span class='ocrx_word' id='word_1_127' title='bbox 457 3225 612 3290; x_wconf 86' lang='lat' dir='ltr'>malleum</span> <span class='ocrx_word' id='word_1_128' title='bbox 644 3231 679 3288; x_wconf 88' lang='lat' dir='ltr'>et</span> <span class='ocrx_word' id='word_1_129' title='bbox 713 3224 874 3298; x_wconf 88' lang='lat' dir='ltr'>incudem,</span> <span class='ocrx_word' id='word_1_130' title='bbox 898 3228 931 3286; x_wconf 90' lang='lat' dir='ltr'>et</span> <span class='ocrx_word' id='word_1_131' title='bbox 967 3222 1097 3287; x_wconf 86' lang='lat' dir='ltr'>assidue</span> <span class='ocrx_word' id='word_1_132' title='bbox 1130 3244 1229 3308; x_wconf 89' lang='lat' dir='ltr'>supra</span> <span class='ocrx_word' id='word_1_133' title='bbox 1260 3225 1394 3290; x_wconf 88' lang='lat' dir='ltr'>dorsum</span> 
     </span>
     <span class='ocr_line' id='line_1_22' title="bbox 340 3325 1394 3410; baseline 0.002 -20"><span class='ocrx_word' id='word_1_134' title='bbox 340 3334 488 3393; x_wconf 87' lang='lat' dir='ltr'>vestrum</span> <span class='ocrx_word' id='word_1_135' title='bbox 537 3327 699 3391; x_wconf 83' lang='lat' dir='ltr'>fabricant</span> <span class='ocrx_word' id='word_1_136' title='bbox 746 3330 937 3410; x_wconf 86' lang='lat' dir='ltr'>peccatores.</span> <span class='ocrx_word' id='word_1_137' title='bbox 1000 3325 1237 3400; x_wconf 80' lang='lat' dir='ltr'>Veruntamen,</span> <span class='ocrx_word' id='word_1_138' title='bbox 1280 3328 1308 3390; x_wconf 87' lang='lat' dir='ltr'>si</span> <span class='ocrx_word' id='word_1_139' title='bbox 1358 3329 1394 3392; x_wconf 93' lang='lat' dir='ltr'>in</span> 
     </span>
     <span class='ocr_line' id='line_1_23' title="bbox 340 3426 1392 3514; baseline 0.001 -20"><span class='ocrx_word' id='word_1_140' title='bbox 340 3426 632 3512; x_wconf 71' lang='lat' dir='ltr'>Christoet²p1e</span> <span class='ocrx_word' id='word_1_141' title='bbox 660 3427 791 3492; x_wconf 84' lang='lat' dir='ltr'>Christo</span> <span class='ocrx_word' id='word_1_142' title='bbox 822 3427 987 3512; x_wconf 87' lang='lat' dir='ltr'>pugnatis,</span> <span class='ocrx_word' id='word_1_143' title='bbox 1010 3427 1086 3511; x_wconf 81' lang='lat' dir='ltr'>Ipso</span> <span class='ocrx_word' id='word_1_144' title='bbox 1118 3448 1187 3492; x_wconf 92' lang='lat' dir='ltr'>non</span> <span class='ocrx_word' id='word_1_145' title='bbox 1220 3430 1392 3514; x_wconf 84' lang='lat' dir='ltr'>permittet</span> 
     </span>
     <span class='ocr_line' id='line_1_24' title="bbox 340 3528 1393 3613; baseline 0.002 -19"><span class='ocrx_word' id='word_1_146' title='bbox 340 3552 399 3596; x_wconf 86' lang='lat' dir='ltr'>vos</span> <span class='ocrx_word' id='word_1_147' title='bbox 421 3531 544 3595; x_wconf 85' lang='lat' dir='ltr'>tentari</span> <span class='ocrx_word' id='word_1_148' title='bbox 566 3550 665 3613; x_wconf 87' lang='lat' dir='ltr'>supra</span> <span class='ocrx_word' id='word_1_149' title='bbox 680 3528 714 3592; x_wconf 88' lang='lat' dir='ltr'>id</span> <span class='ocrx_word' id='word_1_150' title='bbox 738 3528 826 3613; x_wconf 90' lang='lat' dir='ltr'>quod</span> <span class='ocrx_word' id='word_1_151' title='bbox 848 3529 985 3613; x_wconf 85' lang='lat' dir='ltr'>potestis</span> <span class='ocrx_word' id='word_1_152' title='bbox 1008 3529 1102 3603; x_wconf 86' lang='lat' dir='ltr'>ferre,</span> <span class='ocrx_word' id='word_1_153' title='bbox 1118 3529 1176 3593; x_wconf 86' lang='lat' dir='ltr'>sed</span> <span class='ocrx_word' id='word_1_154' title='bbox 1198 3529 1296 3595; x_wconf 86' lang='lat' dir='ltr'>faciet</span> <span class='ocrx_word' id='word_1_155' title='bbox 1318 3552 1393 3596; x_wconf 86' lang='lat' dir='ltr'>cum</span> 
     </span>
     <span class='ocr_line' id='line_1_25' title="bbox 339 3629 1393 3718; baseline 0.002 -22"><span class='ocrx_word' id='word_1_156' title='bbox 339 3631 523 3696; x_wconf 82' lang='lat' dir='ltr'>tentatione</span> <span class='ocrx_word' id='word_1_157' title='bbox 561 3636 757 3716; x_wconf 86' lang='lat' dir='ltr'>proventum</span> <span class='ocrx_word' id='word_1_158' title='bbox 762 3680 1091 3695; x_wconf 91' lang='grc'><strong>.......</strong></span> <span class='ocrx_word' id='word_1_159' title='bbox 1142 3629 1243 3696; x_wconf 87' lang='lat' dir='ltr'>Vobis</span> <span class='ocrx_word' id='word_1_160' title='bbox 1281 3632 1393 3718; x_wconf 87' lang='lat' dir='ltr'>itaque</span> 
     </span>
     <span class='ocr_line' id='line_1_26' title="bbox 338 3730 1394 3819; baseline 0 -20"><span class='ocrx_word' id='word_1_161' title='bbox 338 3732 546 3819; x_wconf 86' lang='lat' dir='ltr'>congratulor</span> <span class='ocrx_word' id='word_1_162' title='bbox 577 3732 655 3817; x_wconf 93' lang='lat' dir='ltr'>quia</span> <span class='ocrx_word' id='word_1_163' title='bbox 684 3731 852 3817; x_wconf 82' lang='lat' dir='ltr'>justitiam</span> <span class='ocrx_word' id='word_1_164' title='bbox 892 3731 928 3794; x_wconf 89' lang='lat' dir='ltr'>in</span> <span class='ocrx_word' id='word_1_165' title='bbox 962 3730 1131 3815; x_wconf 87' lang='lat' dir='ltr'>judicium</span> <span class='ocrx_word' id='word_1_166' title='bbox 1179 3732 1394 3812; x_wconf 70' lang='lat' dir='ltr'>convertitis³</span> 
     </span>
     <span class='ocr_line' id='line_1_27' title="bbox 338 3832 1393 3921; baseline 0.002 -22"><span class='ocrx_word' id='word_1_167' title='bbox 338 3836 416 3921; x_wconf 91' lang='lat' dir='ltr'>quia</span> <span class='ocrx_word' id='word_1_168' title='bbox 439 3835 645 3920; x_wconf 83' lang='lat' dir='ltr'>quorundam</span> <span class='ocrx_word' id='word_1_169' title='bbox 678 3832 889 3898; x_wconf 87' lang='lat' dir='ltr'>rebellionem</span> <span class='ocrx_word' id='word_1_170' title='bbox 924 3836 1026 3917; x_wconf 90' lang='lat' dir='ltr'>atque</span> <span class='ocrx_word' id='word_1_171' title='bbox 1060 3835 1301 3899; x_wconf 88' lang='lat' dir='ltr'>contumaciam</span> <span class='ocrx_word' id='word_1_172' title='bbox 1324 3857 1393 3901; x_wconf 86' lang='lat' dir='ltr'>sus-</span> 
     </span>
     <span class='ocr_line' id='line_1_28' title="bbox 337 3933 1393 4022; baseline 0.002 -20"><span class='ocrx_word' id='word_1_173' title='bbox 337 3938 503 4022; x_wconf 82' lang='lat' dir='ltr'>pensionis</span> <span class='ocrx_word' id='word_1_174' title='bbox 541 3935 824 4001; x_wconf 80' lang='lat' dir='ltr'>animadversione</span> <span class='ocrx_word' id='word_1_175' title='bbox 862 3934 1061 4020; x_wconf 86' lang='lat' dir='ltr'>reprimitis;</span> <span class='ocrx_word' id='word_1_176' title='bbox 1107 3933 1135 3998; x_wconf 91' lang='lat' dir='ltr'>si</span> <span class='ocrx_word' id='word_1_177' title='bbox 1173 3941 1286 4001; x_wconf 89' lang='lat' dir='ltr'>tamen</span> <span class='ocrx_word' id='word_1_178' title='bbox 1331 3937 1393 4004; x_wconf 90' lang='lat' dir='ltr'>hoc</span> 
     </span>
     <span class='ocr_line' id='line_1_29' title="bbox 337 4037 1394 4123; baseline 0.002 -19"><span class='ocrx_word' id='word_1_179' title='bbox 337 4041 445 4109; x_wconf 77' lang='lat' dir='ltr'>facttie</span> <span class='ocrx_word' id='word_1_180' title='bbox 468 4041 605 4106; x_wconf 88' lang='lat' dir='ltr'>rationis</span> <span class='ocrx_word' id='word_1_181' title='bbox 628 4045 662 4103; x_wconf 88' lang='lat' dir='ltr'>et</span> <span class='ocrx_word' id='word_1_182' title='bbox 680 4039 822 4123; x_wconf 81' lang='lat' dir='ltr'>justitiae</span> <span class='ocrx_word' id='word_1_183' title='bbox 846 4043 949 4115; x_wconf 91' lang='lat' dir='ltr'>motu,</span> <span class='ocrx_word' id='word_1_184' title='bbox 972 4059 1039 4103; x_wconf 86' lang='lat' dir='ltr'>non</span> <span class='ocrx_word' id='word_1_185' title='bbox 1073 4037 1143 4103; x_wconf 84' lang='lat' dir='ltr'>nelo</span> <span class='ocrx_word' id='word_1_186' title='bbox 1165 4038 1303 4104; x_wconf 87' lang='lat' dir='ltr'>ultionis</span> <span class='ocrx_word' id='word_1_187' title='bbox 1333 4047 1394 4106; x_wconf 85' lang='lat' dir='ltr'>aut</span> 
     </span>
     <span class='ocr_line' id='line_1_30' title="bbox 337 4140 1393 4228; baseline -0.002 -19"><span class='ocrx_word' id='word_1_188' title='bbox 337 4143 454 4210; x_wconf 85' lang='lat' dir='ltr'>alienae</span> <span class='ocrx_word' id='word_1_189' title='bbox 484 4143 614 4228; x_wconf 84' lang='lat' dir='ltr'>injuriae</span> <span class='ocrx_word' id='word_1_190' title='bbox 645 4142 823 4226; x_wconf 88' lang='lat' dir='ltr'>appetitur.</span> <span class='ocrx_word' id='word_1_191' title='bbox 888 4140 995 4216; x_wconf 89' lang='lat' dir='ltr'>Nihil,</span> <span class='ocrx_word' id='word_1_192' title='bbox 1029 4162 1153 4224; x_wconf 68' lang='lat' dir='ltr'>quaeso,</span> <span class='ocrx_word' id='word_1_193' title='bbox 1189 4142 1318 4207; x_wconf 86' lang='lat' dir='ltr'>faciatis</span> <span class='ocrx_word' id='word_1_194' title='bbox 1352 4165 1393 4208; x_wconf 81' lang='lat' dir='ltr'>ex</span> 
     </span>
     <span class='ocr_line' id='line_1_31' title="bbox 336 4241 1393 4324; baseline -0.004 -11"><span class='ocrx_word' id='word_1_195' title='bbox 336 4267 470 4313; x_wconf 84' lang='lat' dir='ltr'>rancore</span> <span class='ocrx_word' id='word_1_196' title='bbox 500 4245 554 4310; x_wconf 88' lang='lat' dir='ltr'>vel</span> <span class='ocrx_word' id='word_1_197' title='bbox 577 4243 661 4320; x_wconf 87' lang='lat' dir='ltr'>odio,</span> <span class='ocrx_word' id='word_1_198' title='bbox 684 4242 741 4307; x_wconf 86' lang='lat' dir='ltr'>sed</span> <span class='ocrx_word' id='word_1_199' title='bbox 765 4241 876 4307; x_wconf 88' lang='lat' dir='ltr'>omnia</span> <span class='ocrx_word' id='word_1_200' title='bbox 899 4248 1012 4306; x_wconf 89' lang='lat' dir='ltr'>vestra</span> <span class='ocrx_word' id='word_1_201' title='bbox 1044 4242 1080 4304; x_wconf 93' lang='lat' dir='ltr'>in</span> <span class='ocrx_word' id='word_1_202' title='bbox 1115 4242 1253 4309; x_wconf 86' lang='lat' dir='ltr'>caritate</span> <span class='ocrx_word' id='word_1_203' title='bbox 1287 4243 1393 4324; x_wconf 90' lang='lat' dir='ltr'>fiant;</span> 
     </span>
     <span class='ocr_line' id='line_1_32' title="bbox 336 4343 1392 4431; baseline -0.003 -17"><span class='ocrx_word' id='word_1_204' title='bbox 336 4371 397 4414; x_wconf 90' lang='lat' dir='ltr'>nec</span> <span class='ocrx_word' id='word_1_205' title='bbox 419 4348 507 4413; x_wconf 89' lang='lat' dir='ltr'>enim</span> <span class='ocrx_word' id='word_1_206' title='bbox 531 4369 573 4411; x_wconf 88' lang='lat' dir='ltr'>cx</span> <span class='ocrx_word' id='word_1_207' title='bbox 596 4345 820 4431; x_wconf 79' lang='lat' dir='ltr'>persecutione</span> <span class='ocrx_word' id='word_1_208' title='bbox 855 4344 917 4409; x_wconf 85' lang='lat' dir='ltr'>hac</span> <span class='ocrx_word' id='word_1_209' title='bbox 949 4343 1068 4408; x_wconf 87' lang='lat' dir='ltr'>salutis</span> <span class='ocrx_word' id='word_1_210' title='bbox 1091 4345 1278 4429; x_wconf 87' lang='lat' dir='ltr'>manipulos</span> <span class='ocrx_word' id='word_1_211' title='bbox 1301 4347 1392 4425; x_wconf 84' lang='lat' dir='ltr'>colli·</span> 
     </span>
    </p>
   </div>
   <div class='ocr_carea' id='block_1_6' title="bbox 339 4564 1250 4709">
    <p class='ocr_par' dir='ltr' id='par_1_7' title="bbox 339 4564 1250 4709">
     <span class='ocr_line' id='line_1_33' title="bbox 370 4564 1250 4625; baseline 0 -8"><span class='ocrx_word' id='word_1_212' title='bbox 370 4567 545 4617; x_wconf 71' lang='lat' dir='ltr'>&#39;Consolatio</span> <span class='ocrx_word' id='word_1_213' title='bbox 581 4568 607 4616; x_wconf 82' lang='lat' dir='ltr'>in</span> <span class='ocrx_word' id='word_1_214' title='bbox 644 4564 733 4616; x_wconf 75' lang='lat' dir='ltr'>exsilio</span> <span class='ocrx_word' id='word_1_215' title='bbox 770 4565 838 4616; x_wconf 79' lang='lat' dir='ltr'>beati</span> <span class='ocrx_word' id='word_1_216' title='bbox 918 4565 972 4614; x_wconf 78' lang='lat' dir='ltr'>²in</span> <span class='ocrx_word' id='word_1_217' title='bbox 987 4565 1250 4625; x_wconf 57' lang='lat' dir='ltr'>Christoeaomad.</span> 
     </span>
     <span class='ocr_line' id='line_1_34' title="bbox 339 4645 1165 4709; baseline -0.006 -11"><span class='ocrx_word' id='word_1_218' title='bbox 339 4647 447 4709; x_wconf 75' lang='lat' dir='ltr'>Thcmoe,</span> <span class='ocrx_word' id='word_1_219' title='bbox 459 4646 517 4698; x_wconf 81' lang='lat' dir='ltr'>MS.</span> <span class='ocrx_word' id='word_1_220' title='bbox 919 4646 929 4677; x_wconf 79' lang='lat'><strong>³</strong></span> <span class='ocrx_word' id='word_1_221' title='bbox 946 4645 1112 4705; x_wconf 76' lang='lat' dir='ltr'>corruertiatir,</span> <span class='ocrx_word' id='word_1_222' title='bbox 1125 4647 1165 4694; x_wconf 86' lang='lat' dir='ltr'>cd.</span> 
     </span>
    </p>
   </div>
   <div class='ocr_carea' id='block_1_7' title="bbox 0 0 1644 5662">
    <p class='ocr_par' dir='ltr' id='par_1_8' title="bbox 0 0 1644 5662">
     <span class='ocr_line' id='line_1_35' title="bbox 0 0 1644 5662; baseline 0 3"><span class='ocrx_word' id='word_1_223' title='bbox 0 0 1644 5662; x_wconf 95' lang='lat' dir='ltr'> </span> 
     </span>
    </p>
   </div>
  </div>
 </body>
</html>
