3278 5662
274 803 340 854 sn.
358 785 471 870 nra]
718 801 899 851 nrrsronn.
1260 790 1325 854 415

273 989 390 1073 placet,
405 996 440 1056 et
462 1013 522 1057 vos
544 990 630 1077 ipsi1
657 1013 719 1058 neo
750 989 924 1078 debitum?
950 991 1103 1077 precibus
1119 987 1326 1075 denegabitis

277 1091 392 1172 locum,
408 1093 437 1157 si
464 1093 731 1180 delinquentium
757 1093 904 1178 pensetis
927 1111 1105 1159 excessum.
1149 1092 1211 1158 Isti
1238 1091 1327 1156 enim

275 1200 354 1259 sunt
370 1195 437 1281 qui,
449 1195 485 1259 in
500 1196 677 1260 manifesta
693 1194 920 1262 inobedientia
934 1195 1157 1281 persistentes,
1167 1195 1203 1258 in
1218 1194 1328 1279 ipsum

274 1295 529 1383 pugnaverunt³
569 1296 691 1375 Deum,
714 1298 840 1362 mundo
882 1296 1033 1362 fecerunt
1055 1295 1256 1371 scandalum,
1294 1300 1329 1358 et

275 1397 446 1482 planctum
462 1397 569 1463 mihi4
583 1399 729 1483 insuper,
745 1403 780 1462 et
804 1402 912 1463 totum
928 1418 1046 1483 corpus
1063 1396 1190 1462 Christi
1205 1395 1328 1461 detest-

275 1499 355 1564 abili
379 1501 521 1586 quadam
536 1501 681 1586 exempli
703 1498 848 1586 pernicie
871 1498 1075 1583 polluentes;
1098 1499 1165 1584 qui,
1188 1503 1228 1563 ut
1256 1497 1327 1583 jam

275 1601 429 1683 diximus,
451 1603 488 1667 in
510 1602 687 1668 manifesta
718 1601 944 1667 inobedientia
966 1601 1188 1686 persistentes
1211 1622 1329 1686 corpus

275 1702 401 1768 Christi
423 1703 589 1780 conficere,
612 1711 646 1769 et
677 1703 744 1770 alia
777 1703 878 1769 etiam
912 1702 1038 1768 Divina
1060 1702 1222 1768 celebrare
1245 1724 1329 1787 prm·

274 1810 494 1890 sumpserunt,
531 1804 575 1870 ad
612 1804 701 1890 quod
738 1803 960 1869 ministerium
999 1802 1159 1880 homines,
1198 1802 1328 1868 etiamsi

274 1904 457 1990 angelicam
494 1906 671 1972 induerent
708 1905 896 1992 puritatem,
934 1904 1044 1971 adbuc
1080 1904 1194 1990 procul
1228 1904 1329 1968 dubio

274 2007 385 2073 forent
422 2008 561 2094 indigni.
614 2008 682 2074 Sed
718 2030 785 2073 non
838 2009 1007 2094 pergimus
1045 2029 1135 2074 nunc
1168 2006 1330 2073 ulterius⁶

274 2110 413 2175 istorum
440 2111 609 2196 exagitare
642 2110 779 2197 flagitia,
815 2132 858 2176 ne
880 2132 1036 2196 cogamur
1059 2132 1172 2175 eorum
1195 2131 1330 2195 exaspe-

272 2233 345 2277 rare
377 2213 549 2299 supplicia
596 2212 642 2278 Et
673 2234 732 2299 pro
764 2217 864 2290 certo,
886 2213 953 2277 nisi
987 2234 1047 2299 pro
1081 2217 1202 2277 vestrae
1226 2212 1328 2276 inter-

273 2314 428 2380 cessionis
451 2313 534 2379 mihi
556 2314 734 2380 admodum
768 2319 910 2400 acceptae
933 2313 1119 2380 reverentis
1144 2312 1329 2401 [stetisset],

274 2417 487 2483 infructuosae
517 2416 659 2494 arbores,
682 2417 788 2482 securi
819 2417 860 2482 ad
896 2417 1022 2483 radices
1056 2415 1173 2502 posita,
1195 2415 1330 2480 omnino

273 2518 527 2585 succiderentur.
573 2517 696 2583 Verum
712 2539 794 2603 quos
809 2518 944 2603 propria
959 2516 1096 2583 damnat
1111 2517 1147 2582 in
1170 2522 1330 2583 aeternum

274 2620 442 2705 iniquitas,
480 2619 714 2705 postulationis
752 2623 871 2684 vestrae
917 2619 1026 2706 gratia
1062 2640 1130 2684 non
1168 2618 1329 2684 modicam

274 2722 531 2788 misericordiam
562 2724 811 2807 consequentur.
859 2719 915 2786 Sic
948 2726 1061 2800 tamen
1092 2719 1244 2784 volumus
1276 2740 1331 2784 eos

274 2843 415 2901 manere,
437 2823 542 2890 donec
565 2823 667 2908 (sieut
697 2822 881 2908 speramus)
915 2822 1066 2908 proxime
1088 2821 1274 2898 veniamus,
1297 2826 1332 2885 et

276 2924 448 2989 videamus
469 2922 554 2989 vos⁸
575 2922 637 2989 in⁹
667 2923 921 2990 interdictorum
959 2921 1165 2988 absolutione
1212 2927 1331 2998 vestra,

276 3033 440 3112 quantum
473 3026 655 3092 seeundum
686 3025 796 3091 Deum
831 3024 1022 3111 poterimus
1049 3023 1212 3090 desideria
1244 3045 1331 3090 com-

275 3128 408 3215 pleturi.
456 3127 547 3192 Huic
569 3148 648 3221 vero
671 3125 887 3212 praesentium
909 3124 1023 3210 bajulo
1046 3124 1089 3190 ob
1110 3125 1330 3191 reverentiam

276 3236 422 3296 vestram
445 3234 480 3295 et
513 3228 732 3306 dilectionem,
767 3249 868 3315 quam
902 3247 1011 3294 caram
1045 3227 1204 3293 habemus
1226 3228 1331 3294 omni-

277 3332 382 3398 modis
406 3337 440 3398 et
462 3337 640 3417 accepim,
662 3331 798 3396 interim
829 3330 1079 3416 evangelizandi
1101 3352 1198 3395 usum
1221 3330 1331 3395 indul-

276 3435 387 3511 simus,
425 3432 618 3520 baptizandi
657 3454 787 3519 quoque
824 3437 859 3497 et
897 3431 1066 3497 tribuendi
1099 3432 1269 3511 viaticum,
1302 3433 1331 3497 si

276 3541 389 3602 tamen
411 3534 447 3600 id
469 3534 591 3599 ultima
612 3534 804 3599 mortalium
826 3539 923 3620 cogat
945 3533 1131 3600 necessitas.

311 3763 319 3796 ¹
337 3763 400 3828 ipse,
412 3762 444 3813 0.
863 3761 874 3792 ⁸
889 3768 923 3823 et,
936 3761 967 3812 0.

310 3841 320 3874 ⁹
337 3841 456 3903 debeas,
468 3842 500 3903 0,
518 3842 554 3901 Ζ;
572 3839 665 3903 debito,
675 3840 717 3901 v,
734 3839 780 3889 du·
864 3840 874 3872 ⁸
891 3838 1007 3900 ulterius,
1019 3840 1052 3900 0,
1066 3839 1097 3899 V,
1109 3839 1146 3900 Z;
1165 3854 1215 3889 om.
1228 3837 1262 3889 L.

277 3921 339 3984 bito,
349 3921 384 3972 L.
862 3916 872 3954 ⁷
889 3919 1005 3978 stetisset,
1019 3919 1050 3970 0.

310 4003 321 4035 ³
335 4005 514 4068 peccaverant,
526 3999 555 4049 Z.
863 3996 874 4027 ³
892 4012 946 4057 nos,
954 3996 985 4046 L.

310 4081 321 4113 ⁴
338 4079 406 4142 miti,
417 4079 454 4139 Z,
472 4093 522 4128 om.
533 4078 564 4128 L.
861 4073 873 4106 ⁹
891 4073 926 4135 iu,
938 4075 973 4136 Z,
990 4080 1027 4134 ut,
1040 4074 1080 4135 03
1098 4089 1147 4123 om.
1160 4074 1190 4122 L.
