3278 5662
368 734 433 797 55t
801 748 984 798 srrsmnm
1224 734 1313 823 [ao.
1332 734 1439 803 1173.

365 939 564 1012 personam,a
585 926 759 993 honestate
782 947 910 992 morum
927 932 962 994 et
984 926 1182 995 litteraturae
1204 930 1438 1019 perspicuam,

366 1033 487 1093 vestrm
510 1027 701 1095 discretioni
732 1029 960 1096 commendare
990 1030 1130 1117 dignum
1163 1030 1340 1097 duximus
1389 1032 1436 1099 lta

368 1149 567 1213 quamquam
603 1150 645 1193 ex
679 1129 778 1217 longa
809 1130 1059 1197 conversatione
1091 1131 1179 1197 inter
1211 1152 1276 1198 vos
1309 1132 1437 1200 habita

368 1231 463 1297 vobis
488 1232 557 1316 ipse
588 1230 753 1317 praecipue
785 1230 944 1307 innotuit,
967 1231 1026 1317 qui
1060 1240 1096 1297 et
1116 1232 1299 1318 multiplici
1333 1234 1434 1299 testi·

366 1332 478 1397 monio
502 1338 622 1397 vestrae
645 1333 834 1399 sanctitatis
856 1334 946 1421 apud
980 1354 1041 1398 nos
1063 1332 1246 1419 probabilis
1281 1335 1433 1415 exstitit,

366 1457 426 1521 pro
448 1456 487 1499 eo
510 1440 623 1499 tamen
647 1439 774 1519 quanta
795 1456 969 1520 possumus
991 1456 1125 1520 precum
1148 1435 1313 1501 instantia
1349 1458 1431 1524 sup

364 1537 535 1622 plicamus,
558 1541 722 1622 quatenus
746 1558 823 1601 eum
850 1536 952 1601 talem
983 1536 1145 1614 habeatis,
1179 1537 1315 1623 qualem
1350 1560 1431 1605 cum

365 1638 460 1702 nobis
483 1636 672 1702 habendum
702 1637 824 1723 saepius
857 1636 1068 1723 praedicastis.
1114 1636 1296 1705 Provideat
1318 1637 1432 1725 igitur

365 1744 476 1802 vestra
513 1739 681 1814 sanctitas,
719 1760 762 1804 ns
800 1738 931 1804 invidia
974 1737 1119 1804 nominis
1156 1739 1263 1805 nostri
1302 1738 1432 1807 efficiat

365 1840 541 1923 quominus
568 1838 714 1905 debitam
749 1843 946 1925 assequatur
979 1840 1298 1909 consummationem
1334 1842 1431 1929 quod

365 1942 525 2007 hactonus
548 1946 644 2008 tanta
666 1941 855 2008 sinceritate
878 1941 1042 2028 processit

801 2368 985 2438 Dcoxcl.

465 2522 604 2589 Pennus
625 2520 814 2587 Barsnusm
835 2534 884 2586 so
906 2536 1109 2588 memnon
1131 2536 1314 2599 cumam.

690 2674 759 2736 (ns.
771 2671 871 2726 cccc.
889 2673 946 2724 ret.
957 2674 1026 2723 nra.
1038 2674 1092 2735 a.)

410 2800 590 2869 Excusatio
612 2801 755 2888 episcopi
779 2801 838 2887 qui
859 2805 1052 2888 peccaverat
1074 2800 1274 2888 ignoranter.

196 2924 318 2977 Vindice.
409 2905 562 2991 Arguitis
596 2909 630 2969 et
667 2903 833 2970 damnatis
871 2902 1120 2990 R[cginaldum]
1158 2902 1424 2971 Bathonicnsem

194 2992 343 3109 ppeqetthc
364 3009 513 3085 electum,
552 3012 711 3091 tanquam
742 3006 830 3071 beati
868 3005 1003 3071 Thomae
1041 3006 1198 3091 martyris
1228 3012 1425 3091 persecutor

195 3124 333 3207 ‹reaponef
364 3111 466 3176 fuerit
499 3116 535 3175 et
566 3109 695 3176 occisor.
742 3108 843 3174 Scitis
876 3108 1029 3193 equidem
1062 3129 1161 3193 quam
1195 3107 1422 3194 periculosum

195 3323 334 3373 theoseos
363 3317 522 3381 adversus
557 3313 731 3378 innoxium
764 3310 994 3376 detestabilem
1027 3310 1185 3377 suscitare
1223 3310 1423 3392 infamiam

364 3214 409 3278 sit
431 3213 558 3278 homini
581 3210 751 3277 innocenti
773 3214 888 3275 notam
922 3211 1009 3274 tanti
1036 3208 1183 3275 criminis
1206 3209 1352 3287 inurere,
1384 3216 1422 3277 et

195 3390 268 3439 luth.
362 3438 463 3502 quam
501 3437 577 3483 cum
612 3412 743 3479 abolere
776 3412 959 3487 volueritis,
999 3412 1102 3499 ipsius
1137 3433 1312 3478 excursum
1350 3436 1421 3481 uon

362 3518 515 3604 poteritis
556 3515 715 3581 cohibere.
762 3511 838 3578 Scio
884 3514 964 3599 quia
1000 3518 1181 3600 martyrem
1219 3513 1340 3581 dilexit
1375 3538 1420 3583 ex

361 3619 467 3698 corde,
490 3623 525 3685 et
547 3618 635 3683 inter
657 3613 887 3681 desiderabilia
909 3614 1008 3701 hujus
1031 3616 1147 3680 mundi
1180 3614 1305 3681 initia
1329 3618 1420 3683 votis

361 3723 433 3809 ejus
468 3720 666 3806 quandoque
698 3719 902 3805 praecipuum
936 3716 1155 3783 familiaritati
1193 3721 1228 3782 et
1258 3718 1420 3805 obsequio

361 3824 517 3910 martyris
549 3821 723 3887 adhaerere.
770 3820 894 3885 Beatus
927 3818 1089 3904 siquidem
1122 3824 1250 3906 martyr
1279 3842 1419 3908 suspen-

361 3928 457 3992 derat
494 3927 623 4011 patrem
661 3943 758 3986 suum
794 3922 982 4008 episcopum
1021 3919 1317 4002 Saresberisnssm,
1354 3946 1419 3994 nee

360 4028 481 4092 mirum
516 4045 554 4091 eo
586 4030 733 4110 tempore
756 4022 932 4087 videbatur
965 4022 993 4086 si
1016 4021 1114 4099 filius,
1145 4021 1291 4091 affiicto¹
1325 4030 1419 4113 patri

359 4128 572 4215 compatiens,
595 4124 794 4210 quandoque
825 4123 941 4188 durius
962 4128 1023 4188 aut
1045 4123 1155 4189 minus
1188 4126 1338 4193 consulte
1369 4130 1414 4196 de

359 4236 474 4298 sancto
501 4234 647 4314 martyre
680 4226 884 4312 loquebatur.
931 4224 1020 4291 Nam
1051 4232 1087 4290 et
1118 4226 1232 4293 “nos¹
1252 4228 1417 4298 insensati

393 4459 400 4493 ¹
419 4460 532 4522 qfflietio,
544 4455 602 4508 MS.
877 4453 882 4520 Ι
940 4453 1022 4514 ²ecoe,
1035 4466 1086 4504 orn.
1097 4452 1154 4506 MS.

613 4643 624 4666 ⁸
641 4633 775 4705 Reginald,
787 4636 944 4687 archdeacon
960 4634 991 4687 oi
1004 4633 1143 4703 Salisbury.
