3278 5662
379 799 444 863 386
813 813 993 862 reserens.
1233 798 1313 882 [nu.
1330 803 1439 869 1170.

377 995 420 1059 ad
435 996 672 1081 correptionem
696 1005 731 1060 et
755 998 988 1061 correctionem
1004 1002 1073 1059 tam
1092 996 1306 1060 Eboracensis
1327 995 1435 1060 archi-

379 1099 522 1183 episcopi
560 1119 659 1182 quam
697 1099 961 1184 coepiscoporum
992 1104 1189 1174 nostrorum,
1224 1103 1352 1163 certum
1384 1104 1437 1162 est

379 1206 553 1285 conceptas
579 1207 614 1264 et
645 1200 787 1265 dictatas
810 1222 830 1264 a
855 1200 983 1285 Spiritu
1016 1199 1148 1274 Sancto,
1171 1206 1206 1264 et
1238 1221 1313 1284 qum
1346 1200 1436 1284 regis

379 1302 560 1378 exreesus‚¹
576 1302 774 1367 auctoritate
791 1324 865 1387 quae
882 1323 1096 1366 successorem
1113 1302 1203 1366 Petri
1219 1307 1254 1365 et
1273 1301 1437 1366 vicarium

209 1413 334 1462 suecen-
379 1403 504 1468 Christi
527 1404 629 1481 decet,
654 1404 865 1489 redarguunt.
911 1403 977 1466 Sed
1000 1404 1080 1488 quia
1103 1403 1257 1467 timemus
1278 1423 1320 1466 ne
1342 1407 1435 1465 tene·

209 1482 330 1608 ffim
380 1526 432 1568 ras
455 1505 519 1568 viri
543 1507 759 1590 praepotentis
781 1527 876 1569 aures
902 1503 1065 1568 verbum²
1089 1504 1226 1569 mordax
1258 1502 1435 1578 exulceret,

379 1612 414 1670 et
453 1627 561 1692 nuper
598 1606 717 1669 initam
752 1627 866 1691 pacem
899 1605 1069 1690 impediat,
1100 1604 1273 1669 sanctitati
1305 1610 1433 1680 vestros,

381 1707 558 1771 devotione
573 1713 646 1771 tota
660 1708 827 1792 prostrati,
848 1707 1081 1792 supplicamus,
1096 1713 1269 1790 quatenus,
1284 1706 1434 1770 detracta

381 1809 548 1873 mentione
570 1829 763 1873 excessuum
787 1809 882 1894 regie,
906 1814 941 1872 et
972 1808 1150 1872 enormiter
1181 1808 1321 1892 praestiti
1340 1807 1434 1891 jura·

380 1911 493 1986 menti,
516 1917 550 1975 et
572 1910 846 1975 consuetudinum
878 1931 1115 1996 perversarum,
1138 1916 1173 1973 et
1207 1931 1274 1974 non
1309 1916 1433 1974 exuctae

379 2013 542 2078 cautionis
565 2013 600 2075 in
623 2012 833 2077 coronatione
855 2013 933 2076 novi
960 2012 1055 2096 regis,
1072 2011 1210 2076 eandem
1233 2012 1432 2076 sententiam

381 2115 416 2177 in
447 2113 624 2199 praefatum
663 2113 943 2198 archiepiscopum
983 2119 1018 2177 et
1060 2114 1228 2199 episcopos
1264 2113 1433 2199 infligatis,

379 2236 417 2280 eo
452 2215 540 2300 quod
573 2216 607 2278 in
647 2216 817 2301 provincia
847 2221 968 2290 nostra,
1008 2214 1103 2279 nobis
1137 2236 1196 2300 pro
1225 2215 1360 2299 justitia
1398 2220 1433 2278 et
1510 2210 1517 2220 '

378 2317 532 2382 libertate
548 2317 692 2382 ecclesiae
708 2316 949 2392 exsulantibus,
964 2317 1207 2381 coronationem
1230 2316 1316 2381 hanc
1338 2338 1432 2380 exer-

378 2440 450 2483 cere
472 2418 690 2503 praesumpsit,
729 2439 804 2482 cum
827 2419 980 2482 omnibus
1013 2422 1142 2482 constet
1175 2417 1262 2502 quod
1295 2417 1431 2483 ecclesia

377 2525 491 2584 nostru
513 2519 716 2604 permultos
739 2539 843 2584 annos
875 2519 1052 2583 coronandi
1075 2519 1162 2604 regis
1196 2518 1432 2604 possessionem

376 2619 553 2697 habuerit,3
576 2628 610 2686 et
626 2622 714 2706 quod
738 2643 777 2686 ea
791 2643 859 2685 non
874 2621 1030 2685 debuerit
1052 2621 1122 2685 sine
1141 2620 1268 2705 judicio
1290 2620 1432 2705 spoliari.

376 2722 433 2787 Sic
455 2723 552 2800 enim,
568 2722 610 2787 ad
634 2722 772 2807 glorium
796 2722 859 2786 Dei
884 2729 918 2787 et
948 2721 1108 2786 honorem
1132 2721 1319 2806 apostolice
1334 2721 1431 2785 sedis,

375 2845 544 2909 speramus
578 2824 869 2909 presumptionem
908 2828 1037 2888 tantum
1071 2823 1165 2888 facile
1198 2830 1233 2887 et
1264 2824 1432 2887 commode

375 2945 469 3011 posse
500 2925 621 3009 puniri,
645 2929 679 2988 et
714 2925 785 3010 psci
810 2923 955 2989 ecclesiae
990 2923 1120 2987 nullum
1155 2946 1197 2986 ex
1228 2923 1290 2988 hcc
1322 2924 1432 2988 afferri

377 3026 657 3112 impedimentum.
704 3025 933 3090 Necessarium
958 3047 1090 3109 quoque
1113 3024 1293 3101 duximus,⁴
1313 3035 1352 3088 ut
1374 3025 1431 3088 do·

375 3130 465 3192 mino
489 3128 557 3213 regi
581 3127 733 3192 scribetis
755 3127 942 3203 affectuose,
965 3127 1046 3211 quia
1068 3127 1110 3190 ad
1142 3125 1204 3191 hee
1228 3127 1263 3190 in
1295 3126 1431 3212 specula

375 3231 479 3295 tetius
502 3229 644 3294 ecclesiae
675 3229 829 3292 dominus
863 3228 974 3292 sedem
1006 3227 1219 3313 apostolicam
1255 3228 1429 3304 ordinavit,

375 3337 414 3395 ut
437 3331 583 3394 omnium
607 3329 754 3394 fidelium
788 3351 902 3394 causas
925 3329 1100 3405 examinet,
1125 3329 1187 3392 ct⁵
1221 3350 1280 3413 pre
1314 3330 1431 3413 merito

375 3433 409 3495 in
433 3432 651 3496 retributione
668 3453 782 3516 poenae
798 3437 857 3494 aut
880 3431 1018 3516 praemii,
1042 3430 1239 3515 respondeat
1259 3431 1430 3498 universis.

375 3534 518 3618 Ideoque
541 3534 706 3598 neminem
740 3533 856 3597 debere
881 3534 1008 3597 turbari
1032 3534 1070 3610 si,
1104 3554 1144 3597 eu
1178 3533 1332 3611 dictante,
1357 3535 1428 3617 qui-

375 3636 457 3699 libet
479 3635 515 3697 in
538 3635 612 3698 sinu
645 3633 779 3720 colligat
811 3656 942 3699 causum
964 3655 1067 3712 suam,
1090 3656 1131 3706 nc
1163 3655 1270 3699 coram
1303 3634 1429 3720 angelis

374 3744 409 3801 et
432 3737 630 3812 hominibus,
654 3757 696 3800 ex
727 3757 826 3800 causa
858 3734 1180 3820 indisciplinationis,
1203 3737 1360 3799 mittetur
1394 3736 1429 3798 in

374 3839 482 3922 ignem
507 3842 679 3901 ueternum.
726 3836 811 3921 Regi
842 3836 1021 3921 plurimum
1057 3836 1234 3914 detulistis,
1262 3837 1328 3913 sed,
1352 3837 1430 3902 licet

374 3940 404 4004 ei
443 3938 662 4024 peperceritis,
701 3938 909 4002 dissimulare
947 3959 1014 4002 non
1048 3937 1179 4002 audetis
1212 3959 1363 4002 excessus
1395 3943 1429 4002 et

374 4041 513 4106 crimina
536 4039 751 4104 sacerdotum.
799 4039 853 4103 Ad
888 4039 968 4115 hece,
992 4038 1071 4123 quia
1104 4060 1257 4103 veremur
1288 4058 1330 4102 ne
1362 4060 1427 4123 pax

376 4163 486 4208 recens
513 4162 556 4206 ex
589 4141 688 4205 variis
723 4140 829 4205 causis
862 4140 1014 4226 impediri
1053 4139 1164 4204 valeat
1200 4146 1261 4204 sut
1281 4138 1429 4215 turbari,

374 4243 619 4329 suspensionem
669 4247 729 4307 sut
775 4241 1145 4307 excommunicationem
1191 4240 1427 4325 episcoporum,

373 4344 507 4422 nostre,‘⁵
521 4345 579 4429 qui
602 4343 644 4409 ud
667 4343 730 4409 Dei
747 4349 781 4407 et
796 4349 944 4409 vestrum
959 4342 1116 4408 honorem
1142 4341 1245 4426 (quod
1268 4341 1303 4405 in
1327 4343 1428 4405 verbo

458 4488 487 4492 ..ffl-
495 4485 727 4493 ’.ψ
734 4483 917 4492 ...ο-...μ’-
926 4483 1025 4489 ...Q-.-
1034 4483 1231 4489 ——-—-.-.-.„—.
1241 4483 1309 4488 ..-·—..
1326 4486 1336 4488 -
1352 4486 1386 4490 ,,,

410 4552 417 4584 ¹
436 4549 555 4610 excelsus,
567 4549 599 4599 0.
955 4547 966 4579 ⁴
984 4545 1108 4605 dumosae,
1119 4547 1154 4607 A,
1165 4546 1205 4605 03
1222 4545 1342 4608 ducimur,
1354 4548 1384 4608 Z,
1396 4550 1426 4598 L.

407 4631 418 4664 ²
436 4645 527 4688 emm,
541 4629 569 4687 Z,
582 4627 612 4676 L.
955 4624 966 4655 ⁸
984 4632 1030 4686 est,
1042 4624 1084 4682 A,
1102 4628 1135 4682 et,
1145 4623 1176 4673 Ia.

407 4711 418 4743 ³
436 4707 535 4765 babuit,
549 4707 576 4756 12.
911 4745 914 4748 .
956 4701 966 4735 ⁶
984 4708 1129 4760 nostrorum,
1142 4702 1176 4752 A.
