3278 5662
354 750 419 816 264
533 800 537 807 .
790 767 968 819 nrrsronn.
1081 836 1085 843 .
1202 753 1287 840 [no.
1306 750 1403 821 1170.

356 975 466 1030 venas,
489 954 577 1038 quod
608 954 832 1019 sinceritatem
856 960 1001 1020 vestram
1025 957 1160 1041 quidam
1183 958 1218 1020 in
1247 958 1403 1044 injuriam

355 1061 476 1120 sanetae
501 1055 750 1121 Cantuariensis
781 1057 925 1123 ecclesiae
956 1058 1104 1123 animare
1135 1065 1169 1124 et
1195 1081 1321 1124 anuare
1352 1059 1402 1122 ni-

354 1164 483 1234 tuntur,
506 1165 545 1223 ut
567 1158 636 1222 filio
660 1158 785 1223 domini
818 1160 903 1245 regis
930 1159 1035 1245 (cnjus
1069 1161 1140 1225 vias
1163 1161 1253 1225 Deus
1280 1161 1402 1246 dirigat

355 1258 391 1321 in
429 1259 633 1344 beneplacito
672 1282 731 1323 suo
749 1261 771 1343 Ξ)
809 1260 962 1325 diadema
998 1263 1186 1346 imponatis,
1220 1269 1254 1326 ct
1292 1263 1402 1346 ipsum

355 1369 469 1425 contro
493 1361 541 1425 fas
572 1363 793 1446 promoveatis
822 1363 858 1426 in
889 1386 1007 1450 regem.
1055 1364 1163 1443 Quod,
1185 1366 1265 1449 quia
1287 1371 1404 1430 contra

356 1463 552 1548 dignitatern
577 1463 826 1529 Cantuariensis
849 1465 1001 1541 ecclesiae,
1022 1467 1049 1529 si
1066 1465 1150 1529 sorte
1175 1466 1276 1550 (quod
1301 1467 1401 1543 absit)

356 1555 625 1649 praesumereturJ
651 1587 720 1630 esse
758 1566 1024 1631 manifestissime
1063 1575 1201 1644 constat,
1235 1567 1296 1632 boc
1334 1574 1402 1630 tum

357 1667 451 1731 vobis
474 1690 573 1752 quam
597 1668 750 1732 omnibus
773 1668 933 1754 episcopis
965 1668 1095 1753 Angliae
1127 1670 1279 1733 dominus
1312 1689 1403 1753 papa,

357 1769 443 1832 sicut
473 1791 514 1832 ex
546 1768 666 1833 litteris
697 1768 767 1852 ejus
804 1791 885 1852 quas
918 1769 1011 1833 vobis
1043 1771 1301 1834 transmittimus
1332 1791 1405 1854 per·

356 1869 506 1953 spicuum
530 1876 588 1945 est,
605 1869 795 1947 interdicit3
818 1877 853 1935 et
868 1893 935 1946 nos,
962 1893 1002 1935 ne
1026 1872 1069 1936 ab
1084 1872 1196 1956 aliquo
1219 1878 1405 1936 attentetur

356 1972 553 2035 auctoritate
581 1970 762 2055 apostolica
793 1971 1012 2056 prohibemus,
1036 1995 1135 2059 super
1158 1973 1219 2038 boc
1246 1973 1404 2037 adversus

357 2093 486 2135 omnem
518 2073 662 2136 animam
693 2070 755 2136 hoc
786 2073 975 2137 molientem
1007 2074 1221 2160 appellantes,
1253 2075 1404 2157 diemque

357 2173 557 2257 pirefigimus
582 2173 847 2237 Purificationem
877 2173 1007 2239 Sanctae
1031 2176 1152 2240 Mariae.
1199 2175 1244 2239 Et
1266 2197 1308 2238 nc
1332 2175 1405 2258 quis

357 2295 467 2335 eorum
495 2274 551 2357 qui
575 2273 800 2357 jurisdictioni
828 2281 949 2340 nostrae
972 2277 1212 2362 metropolitico
1235 2284 1295 2340 aut
1317 2277 1405 2361 legs·

357 2374 457 2437 tionis
486 2374 561 2457 juro
595 2375 735 2459 subjecti
769 2384 846 2438 sunt
874 2374 952 2441 huic
985 2379 1166 2442 temeritati
1197 2378 1338 2453 assistat,
1371 2377 1405 2438 in

357 2476 483 2539 virtute
517 2475 715 2541 obedientie
748 2484 783 2540 et
816 2476 879 2540 sub
910 2479 1122 2544 anathemate
1154 2480 1286 2565 penitus
1320 2477 1405 2541 inhi-

357 2579 478 2645 bemus.

704 2785 1072 2794 ψ

808 2967 944 3034 DCLII.

415 3107 584 3172 Errsrom
606 3107 792 3171 Hsnnnnrr
817 3121 1029 3171 nxsumnrrs
1052 3123 1100 3170 no
1123 3107 1348 3172 Wmununuu

643 3209 880 3273 Sunonensem
904 3225 1216 3274 Ancuraerscorun.

766 3336 808 3397 (P.
822 3337 835 3386 7
847 3357 853 3394 ;
871 3336 949 3385 Hcrb.
959 3337 994 3395 7.)

403 3431 476 3509 Qua
500 3429 671 3493 verborum
704 3428 861 3492 facundia
895 3427 1056 3511 quibusve
1090 3427 1212 3514 lingum
1236 3429 1406 3513 praeconiis

358 3538 409 3595 tot
432 3540 465 3596 et
489 3536 599 3594 tantas
623 3529 849 3593 miserationes
873 3533 1000 3593 vestras
1022 3529 1065 3593 ab
1088 3530 1186 3594 initio
1217 3531 1405 3614 passionum

357 3633 451 3696 nobis
475 3631 641 3695 exhibitas
674 3630 834 3716 condigne
859 3630 1039 3705 efferamus,
1063 3630 1211 3694 invenire
1234 3652 1302 3694 non
1333 3654 1405 3716 pos-

357 3757 489 3811 sumus3
520 3735 576 3797 sed
609 3754 697 3797 nunc
731 3731 920 3817 praesertim,
952 3753 1026 3796 cum
1061 3730 1200 3817 amplior
1232 3732 1406 3796 miserendi

357 3841 570 3920 praestaretur
585 3835 717 3910 occasio,
732 3833 773 3897 ad
798 3839 910 3897 nostra
932 3832 1079 3896 sananda
1095 3832 1233 3897 vulnera
1255 3834 1407 3897 omnibus

357 3943 536 4023 patuerunt
552 3938 677 4001 viscera
689 3935 917 3999 misericordiae
933 3940 1060 3998 vestroe.
1093 3934 1255 4011 0mncs‚a
1271 3936 1407 4000 minimo

358 4063 461 4125 usque
496 4040 689 4114 maximum,
712 4042 940 4123 cognoverunt
977 4045 1012 4099 et
1043 4036 1260 4122 apostolicum
1297 4039 1407 4101 virum

359 4143 541 4228 praedicant
563 4141 620 4226 qui
656 4161 739 4204 onus
762 4145 912 4202 nostrum
948 4145 1044 4202 tanta
1067 4139 1204 4202 caritate
1237 4145 1407 4223 supporta-

359 4245 452 4309 verit.
500 4243 599 4308 Unde
623 4242 737 4305 divina
773 4240 985 4303 miseratione
1009 4240 1176 4303 tribuente
1200 4262 1321 4304 merces
1344 4241 1408 4304 erit

359 4347 448 4430 operi
474 4350 584 4408 vestro
619 4348 654 4406 et
686 4364 763 4427 opes
795 4339 985 4404 novissimis
1008 4340 1137 4407 vestris.
1186 4340 1256 4404 Nos
1287 4348 1407 4418 autem,

359 4467 425 4510 non
457 4444 563 4507 solum
598 4442 778 4507 confratres
813 4447 847 4505 et
877 4441 984 4517 amici,
1007 4441 1065 4505 sed
1096 4462 1156 4526 ego
1179 4447 1214 4505 et
1247 4442 1408 4527 passionis

359 4547 423 4610 mei
458 4544 548 4621 socii,
583 4544 761 4609 scabellum
800 4543 880 4607 facti
915 4563 1028 4606 sumus
1059 4542 1180 4628 pedum
1215 4548 1406 4608 vestrorum.

358 4650 480 4712 Verum
516 4645 780 4731 periclitantibus
814 4643 923 4709 adhuc
957 4644 1061 4708 servis
1092 4644 1312 4710 necessarium
1346 4649 1406 4722 est,
