3278 5662
773 779 951 830 arrsroan.
1193 768 1273 852 [aa.
1291 766 1387 837 1170.

780 1136 929 1203 DCLIV.

331 1287 500 1351 Errsrona
525 1288 708 1352 Haunnurr
734 1305 948 1354 axsuaaurrs
964 1305 1011 1353 aa
1030 1290 1252 1354 Wraaaauuu
1277 1290 1385 1354 Saue-

419 1406 558 1453 uausau
595 1405 899 1456 naeniarrscoruu
929 1408 1064 1456 ceurae
1107 1392 1384 1456 Lornourausau

420 1506 614 1556 nrrsceruu
637 1492 770 1556 Rouau
793 1508 861 1556 rau
885 1509 1207 1557 auorrerseaaruu.a

734 1644 777 1703 (r.
792 1648 824 1705 e;
843 1643 923 1693 nero.
936 1648 974 1705 a)

374 1776 657 1840 Reverendissimo
681 1777 767 1862 patri
785 1783 819 1840 et
835 1777 967 1842 domino
983 1798 1042 1841 suo
1066 1778 1101 1840 in
1118 1776 1252 1843 Christo
1268 1798 1383 1842 aman·

330 1879 463 1943 dissime
479 1877 645 1942 Willelmo
669 1877 732 1943 Dei
755 1879 863 1964 gratia
879 1878 1060 1943 Senenensi
1084 1878 1327 1964 archiepiscopo
1351 1884 1385 1943 et

329 1981 515 2064 apostolicae
560 1980 646 2043 sedis
681 1980 798 2065 legato,
833 2001 911 2044 auus
951 1980 1143 2057 Herbertus,
1190 1980 1386 2045 miserabilis

329 2104 417 2146 nunc
440 2090 473 2146 et
496 2079 599 2157 exsul,
623 2083 787 2147 modicum
810 2082 845 2146 id
869 2081 957 2167 quod
980 2103 1070 2147 nunc
1092 2086 1209 2167 potest.

162 2192 272 2269 against
375 2184 445 2247 Etsi
481 2189 576 2247 tauta
609 2185 661 2248 cui
701 2184 855 2248 scribitur
889 2184 1027 2270 jusserit
1059 2185 1154 2248 silere
1192 2182 1384 2262 auctoritas,

161 2260 315 2375 {fl-‘'Jfflffil}
329 2286 420 2369 rupit
453 2291 564 2349 tamen
598 2286 766 2349 silentium
802 2287 942 2364 caritas;
972 2307 1046 2371 quae
1079 2292 1118 2351 ut
1151 2308 1238 2351 mors
1272 2288 1385 2352 valida

329 2394 378 2451 est
401 2394 435 2452 et
458 2387 648 2473 plerumque
672 2387 878 2472 majestatem
910 2410 1046 2474 pensare
1070 2411 1136 2454 non
1158 2391 1261 2466 nevit,
1282 2391 1386 2475 juxta

329 2492 415 2575 quod
440 2492 540 2556 ctiam
563 2492 613 2555 ait
634 2492 768 2575 gentilis
791 2491 847 2556 ille
871 2498 977 2578 poeta,

163 2628 237 2677 ovio.
372 2626 389 2650 ‘¹
405 2617 483 2680 Non
506 2618 589 2681 benc
612 2617 814 2682 conveniunt
838 2619 955 2683 necin
979 2640 1046 2682 una
1069 2618 1145 2683 aede
1169 2624 1341 2683 morantur

160 2695 264 2810 fflfll'l·
279 2713 304 2746 ¹²·
373 2729 389 2754 “
407 2719 563 2804 Majestas
586 2725 621 2783 et
643 2719 782 2784 a1u01·’':

328 2846 416 2910 unde
439 2852 473 2909 et
495 2845 676 2930 subjectam
707 2845 968 2910 membranulam
1002 2851 1107 2910 totam
1134 2846 1205 2930 jam
1236 2845 1386 2910 ueritatis

328 2949 403 3033 igne
427 2947 644 3023 accenderem,
668 2947 696 3011 si
720 2969 786 3012 non
810 2969 861 3011 me
893 2947 1089 3011 instantium
1113 2968 1266 3011 curarum
1290 2946 1383 3032 algor·

328 3056 498 3135 premeret,
521 3058 555 3113 ct
589 3071 708 3134 urgens
738 3049 914 3114 necessitas
937 3048 979 3112 ad
1003 3049 1069 3113 alia
1091 3048 1252 3114 calamum
1275 3048 1384 3113 detor-

328 3158 450 3236 queret.
497 3151 579 3216 Ecce
615 3152 701 3214 enirn
738 3152 835 3216 draeo
868 3151 923 3215 ille
960 3173 1108 3236 magnus
1139 3163 1273 3235 serpens
1296 3152 1384 3215 anti-

327 3277 421 3338 quus,
451 3252 561 3337 gladio
594 3252 686 3316 verbi
720 3253 782 3316 Dei
817 3251 1020 3329 vulneratae,
1051 3252 1105 3316 vel
1137 3253 1269 3316 demum
1296 3275 1385 3318 nunc

329 3356 368 3418 de
403 3355 499 3417 fovea
531 3353 647 3417 lubrici
681 3353 801 3418 erroris
834 3355 925 3418 exire
956 3355 1093 3440 cogitur.
1140 3353 1270 3419 Scimus
1304 3377 1383 3419 vero

328 3456 415 3540 (prod
455 3456 495 3518 de
534 3455 620 3518 malo
659 3456 700 3518 ad
741 3455 865 3519 malum
904 3456 1081 3541 egreditur,
1120 3462 1159 3520 ut
1196 3457 1254 3541 qui
1291 3456 1384 3542 prius

328 3556 555 3621 fraudulenter
587 3556 730 3632 incessit,
764 3559 882 3622 alnedo
914 3560 975 3622 fiat
1006 3558 1202 3623 manifestus
1240 3558 1380 3622 fratrum

329 3681 461 3724 suorum
500 3664 676 3734 aecusator,
709 3665 742 3723 et
780 3660 898 3723 induet
936 3682 1028 3723 anua
1066 3660 1239 3725 calumniae
1278 3661 1385 3725 multo

329 3761 403 3847 plus
426 3761 578 3839 suaviora
611 3782 710 3844 quarn
741 3782 871 3846 pugnae.
917 3761 1018 3853 Unde
1052 3761 1283 3845 quamcitius
1313 3762 1384 3826 sive

328 3865 364 3927 in
388 3863 565 3927 solitudine
582 3862 651 3926 sive
675 3863 711 3925 in
727 3863 817 3940 urbe,
835 3864 904 3927 sive
929 3862 1113 3928 viatoreru¹
1130 3863 1200 3928 sive
1224 3865 1380 3929 stationa-

331 4013 744 4023 -..—-——-1..-....----—.-———----a
750 4013 779 4019 .-.
793 4013 866 4019 ..α-..-
886 4014 1151 4020 —m———n

753 4085 758 4114 ¹
775 4088 911 4145 adadorum,
925 4088 956 4137 G.

825 4203 960 4211 --—-—
973 4204 1037 4209 --,..
1071 4203 1104 4208 .-

361 4274 371 4295 ¹¹
387 4265 449 4315 This
461 4264 483 4312 is
495 4270 539 4312 net
549 4269 655 4325 correct,
665 4262 744 4313 astho
756 4264 829 4313 letter
880 4263 923 4313 the
935 4278 1010 4327 pope.
1045 4265 1094 4314 We
1111 4265 1175 4315 have
1192 4265 1294 4330 already
1305 4267 1356 4315 had
1368 4284 1383 4316 a

328 4362 378 4395 roras
402 4344 527 4406 evidently
553 4343 650 4392 written
680 4351 705 4392 at
730 4358 745 4391 a
770 4341 829 4392 time
880 4345 955 4392 letter
975 4344 1017 4406 (of
1031 4345 1175 4409 February)
1190 4343 1272 4394 ulrich
1290 4348 1384 4408 speaks

328 4426 401 4472 ulan
420 4425 462 4471 the
479 4423 633 4483 arelatis-hep
652 4423 680 4469 ol
697 4422 760 4472 Sans
778 4423 828 4470 had
881 4422 910 4470 of
935 4421 1086 4486 archbishop
1117 4423 1252 4473 Williarn's
1280 4432 1383 4487 rcturn3

328 4506 392 4553 been
405 4504 565 4566 languissent
584 4502 649 4548 from
666 4499 705 4548 uis
718 4517 766 4561 see,
781 4503 829 4550 arrd
880 4502 925 4549 hut
938 4500 988 4549 this
1001 4500 1022 4549 is
1039 4503 1129 4563 placed
1147 4502 1207 4551 here
1223 4517 1255 4549 on
1275 4513 1382 4553 {recount

330 4582 440 4631 lticlrard
463 4581 541 4628 Barre
564 4581 615 4628 had
641 4582 758 4629 reurrued
790 4580 830 4639 (in
880 4580 908 4626 of
927 4580 961 4628 its
980 4579 1122 4630 connexion
1142 4582 1204 4629 witlr
1224 4582 1266 4630 the
1284 4583 1384 4633 absolu-

328 4661 443 4723 Jauuary
459 4663 522 4709 11ἳο
532 4661 558 4720 ?)
577 4658 642 4707 from
655 4658 788 4709 omission
804 4667 830 4708 te
881 4657 935 4708 tion
947 4660 978 4708 of
986 4659 1030 4709 the
1041 4658 1133 4724 bishop
1145 4659 1174 4710 of
1185 4660 1300 4711 london,
