3278 5662
248 810 313 862 an.
331 791 441 877 uro]
677 801 856 851 nrrsroan.
1230 774 1295 844 427

251 995 362 1060 'omnis
396 993 537 1059 ecclesias
578 991 665 1077 jura,
697 990 783 1056 sicut
820 989 857 1053 in
888 989 1026 1074 antiquo
1058 992 1093 1051 et
1129 966 1415 1082 ⁰⁰mm⁰¹¹iillilla

250 1095 503 1164 consecrationis
524 1115 648 1162 canone
678 1093 876 1170 continetur,
905 1113 1012 1177 neque
1038 1091 1079 1163 de
1101 1090 1198 1154 novis
1220 1098 1371 1155 con-tion.

251 1199 482 1265 suetudinibus
520 1194 666 1263 mentio1
702 1195 814 1281 aliqus
836 1193 927 1259 iacta
960 1197 1018 1258 est.
1064 1190 1464 1279 supplicamusrumpopes⁸

251 1303 361 1388 itaque
385 1300 580 1388 paternitati
594 1305 713 1363 vestrae
727 1296 823 1385 gravi
838 1317 970 1383 precum
988 1293 1157 1371 instantia
1181 1302 1297 1379 quate·
1309 1281 1442 1398 ζξῦξὲξξέᾶ

250 1426 313 1468 nus
335 1404 422 1469 mala
455 1405 519 1468 ista
550 1400 723 1468 efficaciter
757 1398 926 1476 avertatis,
957 1398 1066 1483 ipsum
1098 1396 1296 1462 auctoritate
1337 1365 1353 1413 q
1444 1383 1451 1396 ’

251 1510 361 1571 vestra
389 1505 433 1571 ab
447 1502 638 1590 hujusmodi
670 1501 843 1569 calumniis
874 1498 1091 1586 reprimendo,
1124 1519 1166 1563 ne
1198 1497 1297 1561 unius

251 1607 389 1674 audacia
409 1608 453 1682 ¹in
484 1606 662 1694 perniciem
684 1604 788 1671 totius
811 1603 904 1691 regni
938 1605 1158 1678 convertatur,
1181 1604 1216 1665 et
1238 1599 1298 1665 fist

251 1708 450 1776 novissimus
472 1731 560 1777 error
582 1708 674 1796 pejor
696 1707 812 1795 priore.

645 2094 899 2164 DOOXXXIII.

265 2247 457 2312 Anuunrus
480 2246 716 2313 Laxovrnusrs
739 2263 922 2313 arraoorus
944 2263 991 2312 sn
1013 2247 1169 2312 Tnonsu
1193 2247 1283 2313 (lau-

496 2367 717 2416 rusnrrusnu
738 2366 1047 2416 ascnrnrrscorun.

603 2501 668 2564 (Ψ.
680 2505 713 2551 60
725 2520 732 2560 ς
750 2499 876 2563 liverani,
888 2501 958 2563 580.)

299 2625 487 2692 Venerabili
510 2628 642 2694 domino
665 2635 699 2694 et
721 2630 810 2716 patri
833 2650 892 2694 suo
915 2628 1087 2714 T[homae,]
1110 2629 1173 2695 Dei
1191 2631 1300 2716 grstia

254 2726 495 2806 Cantuariensi,
533 2730 702 2808 Amulius,
742 2731 955 2796 Lexoviensis
990 2730 1130 2797 ecclesiae
1165 2731 1301 2797 humilis

255 2832 413 2911 minister,
436 2833 575 2899 salutem
608 2839 643 2900 et
674 2833 820 2900 debitam
843 2856 918 2901 cum
949 2833 1093 2920 plurima
1125 2835 1300 2901 devotione

253 2938 479 3004 reverentiam.

300 3040 399 3105 Later
421 3041 642 3127 praesentium,
665 3041 822 3129 magister
847 3039 1041 3119 Edvardus?
1062 3063 1137 3108 cum
1161 3065 1202 3109 ex
1225 3065 1299 3110 con·
1315 3058 1444 3108 lnbehalf

259 3143 403 3209 cessione
425 3141 556 3209 abbatis
587 3144 767 3221 Beccensis,
789 3149 824 3209 et
845 3143 992 3210 officialis
1014 3145 1117 3210 vestri
1140 3146 1198 3231 qui
1220 3124 1458 3241 tunoss'fhlgffiigist

257 3450 463 3534 quorundam
497 3450 669 3517 hominum
704 3451 864 3518 violentia
895 3451 1073 3539 spoliatum
1097 3457 1131 3517 et
1162 3454 1301 3541 ejectum

258 3553 367 3631 fuisse,
390 3553 621 3620 miserabiliter
651 3554 860 3621 lamentatur.
906 3554 1068 3635 Quoniam
1092 3576 1168 3643 ergo
1199 3559 1303 3644 parti·

258 3677 332 3742 ceps
355 3654 424 3720 fuit
445 3654 682 3734 tribulationis,
704 3655 856 3742 precibus
871 3657 993 3723 nostris
1019 3659 1302 3745 coadjuvantibus,

257 3759 420 3845 particeps
444 3757 609 3823 desiderat
631 3777 701 3823 esse
723 3757 974 3839 consolationis3
996 3761 1148 3846 quamvis
1170 3761 1301 3827 calami-

256 3866 361 3927 tatem
383 3864 479 3926 earnl
509 3859 678 3926 credamus
712 3859 802 3945 opud
829 3858 1036 3928 clementiam
1068 3867 1211 3929 vestram
1244 3887 1302 3951 per

257 3985 291 4029 se
314 3984 407 4050 posse
429 3961 584 4029 facillime
607 3961 696 4047 quod
717 3961 864 4047 postulat
885 3962 1069 4049 impetrare.

256 4118 357 4127 ...--—-
771 4117 776 4122 ·
1102 4121 1169 4126 ---
1187 4122 1255 4128 n—
1264 4124 1279 4129 ..
1288 4125 1292 4130 ,

287 4189 295 4220 ¹
313 4186 490 4247 medaliuLiv.
525 4183 625 4249 (Itwill
641 4187 674 4235 be
690 4200 750 4235 seen
834 4185 846 4218 ²
863 4186 900 4238 Or
911 4186 1055 4248 Ευνανᾱιιε,
1067 4203 1098 4239 as
1110 4190 1132 4239 L
1144 4191 1217 4240 reads
1228 4190 1256 4240 it

254 4269 311 4318 thot
321 4267 372 4318 thia
382 4266 508 4316 mistaten
524 4263 628 4330 reading
644 4262 751 4329 entirely
833 4262 845 4295 ⁸
860 4263 896 4316 So
907 4263 981 4328 Liv.;
998 4283 1081 4328 rreum,
1093 4269 1151 4320 MS.

256 4362 370 4398 reversos
381 4346 425 4396 the
435 4343 576 4410 meaning.)

586 4603 953 4627 m
