3278 5662
323 793 388 859 572
760 807 940 857 urrsroun.
1181 796 1260 879 [an.
1278 793 1378 865 1177.

322 994 440 1079 capitis
462 993 641 1078 quantitas,
665 999 705 1058 ut
728 993 810 1059 collo
833 997 868 1058 et
890 993 955 1058 toti
977 995 1105 1080 corpori
1135 996 1380 1081 proportionali

320 1095 543 1160 moderatione
576 1088 782 1180 respondeat
846 1094 942 1161 Oculi
975 1095 1047 1181 ejus
1077 1096 1252 1162 orbiculati
1286 1104 1377 1176 sunt,

321 1199 401 1263 dum
424 1197 556 1284 pecati¹
580 1205 630 1263 est
653 1198 756 1262 animi
780 1197 960 1263 columbini
983 1203 1018 1263 et
1040 1198 1224 1285 simplices3
1251 1200 1316 1265 'sed
1340 1200 1380 1265 in

321 1298 372 1363 ira
393 1304 429 1363 et
450 1296 664 1363 turbatioue³
695 1297 802 1364 cordis
825 1299 920 1383 quasi
949 1299 1170 1365 scintillantes
1200 1299 1312 1386 ignem
1342 1306 1379 1366 et

322 1399 358 1463 in
385 1399 512 1485 impetu
539 1399 762 1464 fulminantes.
824 1397 982 1465 Caesaries
1005 1399 1076 1485 ejus
1100 1400 1223 1466 damna
1245 1400 1379 1467 calvitii

322 1524 390 1568 non
414 1508 557 1580 veretur,
580 1502 832 1588 superveniente
853 1499 992 1568 autem³
1014 1502 1149 1568 artificii
1179 1502 1379 1590 capillorum

322 1610 467 1670 tonsura.
536 1605 684 1669 Leonina
713 1603 813 1669 facies
843 1604 937 1690 quasi
971 1604 1007 1668 in
1036 1604 1303 1692 quadrangulum
1336 1627 1375 1672 se

323 1707 451 1771 dilatat
498 1704 689 1770 Eminentia
710 1705 800 1771 naris
820 1706 863 1771 ad
878 1705 983 1770 tetius
1002 1705 1148 1792 corporis
1163 1711 1378 1772 venustatem

323 1806 467 1871 naturali
505 1811 556 1870 est
592 1806 815 1872 moderatione
860 1827 1047 1892 propensa3
1096 1807 1224 1872 arcuati
1265 1808 1377 1893 pedes,

323 1912 489 1992 equestres
513 1905 613 1982 tibiae,
636 1906 757 1972 thorax
771 1906 947 1983 extensior,
968 1906 1084 1973 lacerti
1106 1907 1246 1994 pugiles,
1261 1908 1375 1972 virum

323 2008 453 2086 fortem,
486 2007 616 2094 agilem,
650 2012 685 2073 et
714 2009 872 2075 audacem
903 2008 1129 2088 denuntiant3
1161 2008 1198 2072 in
1235 2010 1381 2094 quodam

323 2117 436 2176 tamen
458 2110 596 2176 articulo
619 2111 713 2196 pedis
736 2110 807 2196 ejus
829 2131 905 2196 pars
928 2111 1049 2197 unguis
1072 2110 1255 2176 innascitur
1276 2113 1379 2189 carni,

323 2217 423 2297 atque
444 2212 480 2274 in
495 2211 727 2279 contumeliam
750 2212 854 2278 totius
876 2213 969 2298 pedis
985 2213 1197 2279 vehementer
1216 2213 1377 2280 increscit

323 2315 442 2378 Manus
466 2313 537 2398 ejus
568 2313 619 2399 [in
628 2311 655 2397 ⁴]
686 2315 829 2398 quadam
852 2314 1003 2400 grossitie
1026 2335 1088 2379 sua
1109 2313 1253 2379 hominis
1284 2314 1377 2381 incu-

322 2417 406 2481 riam
422 2420 670 2501 protestantur,
693 2437 805 2480 earum
821 2415 909 2479 enim
925 2416 1051 2482 cultum
1074 2437 1207 2502 prorsus
1229 2415 1381 2503 negligit,

323 2540 383 2584 nec
405 2538 561 2602 unquam,
582 2517 647 2581 nisi
670 2538 748 2583 aves
765 2517 902 2594 deferat,
923 2518 1031 2581 utitur
1054 2517 1256 2584 chirothecis.
1304 2517 1382 2583 Sin·

322 2621 410 2708 gulis
441 2620 556 2685 diebus
591 2619 627 2682 in
660 2620 777 2697 missis,
815 2619 851 2683 in
874 2619 1028 2696 consiliis,
1051 2624 1086 2683 et
1119 2618 1193 2683 aliis
1231 2618 1380 2704 publicis*

321 2717 509 2788 actionibus
532 2721 627 2807 regni
657 2742 794 2805 semper,
821 2740 842 2784 a
871 2741 1094 2805 manensque
1126 2720 1169 2785 ad
1196 2741 1379 2806 vesperam,

325 2823 444 2888 stetin
462 2822 571 2908 pedes.
618 2821 671 2898 Et,
692 2822 770 2887 lieet
792 2821 892 2887 tibias
915 2821 1037 2886 haheat
1059 2821 1226 2907 frequenti
1248 2841 1397 2906 percusf

323 2926 414 2990 sione
445 2923 688 2989 calcitrantium
720 2944 880 3007 equorum
910 2922 1089 2987 enormiter
1120 2923 1311 2988 vulneratas
1344 2928 1380 2988 et

324 3026 453 3102 lividas,
488 3025 552 3088 nisi
590 3030 703 3090 tamen
738 3025 866 3111 equitet
899 3025 987 3089 aut⁶
1018 3024 1168 3091 comedat
1201 3046 1376 3107 nunquam

324 3128 422 3192 sedet
485 3127 563 3191 Una
586 3126 647 3203 die,
671 3126 699 3189 si
723 3147 805 3211 opus
831 3123 957 3203 fuerit,⁰
980 3130 1124 3210 quatuor
1146 3131 1207 3191 aut
1229 3127 1378 3211 quinque

325 3231 440 3295 diaetas
463 3229 618 3306 excurrit,
635 3233 668 3292 et
691 3227 738 3292 sic
761 3227 969 3292 inimicorum
997 3227 1264 3293 machinamenta
1292 3250 1377 3313 prae-

324 3331 469 3406 venient,
501 3326 667 3394 malitias⁷
698 3350 811 3394 eorum
843 3328 1032 3415 frequenter
1054 3329 1229 3415 inopinata
1250 3329 1378 3395 subita·

324 3433 414 3496 tione
445 3429 580 3494 deludit.
644 3430 757 3494 Ocreis
789 3430 859 3495 sine
889 3430 985 3514 plica,
1008 3430 1104 3515 pileis
1127 3430 1198 3495 sine
1220 3430 1317 3506 fastu,
1342 3437 1377 3496 et

324 3532 474 3597 vestibus
489 3532 598 3594 utitur
618 3531 791 3616 expeditis,
839 3532 1023 3597 Vehemens
1047 3537 1174 3597 amator
1197 3553 1378 3611 nemorum,

324 3636 404 3700 dum
427 3639 574 3700 cessata
608 3633 733 3720 praeliis
755 3634 792 3697 in
814 3635 934 3700 avibus
961 3640 996 3700 et
1017 3635 1154 3700 canibus
1179 3656 1214 3699 se
1237 3641 1376 3700 exercet

325 3736 411 3803 Caro
457 3735 621 3821 siquidem
659 3736 731 3821 ejus
769 3758 803 3801 se
835 3736 921 3800 mole
955 3735 1165 3822 pinguedinis
1200 3735 1378 3801 enormiter

324 3845 499 3916 onerasset,
534 3839 598 3903 nisi
637 3839 726 3923 quod
758 3838 885 3903 ventris
924 3837 1134 3903 insolentiam
1168 3837 1307 3923 jejuniis.
1343 3844 1379 3903 ct

324 3940 481 4007 exercitio
516 3940 647 4019 domat;
682 3945 781 4025 atque
815 3939 852 4004 in
883 3939 1089 4005 ascendendo
1122 3960 1244 4023 equum
1276 3945 1310 4004 et
1341 3940 1378 4002 in

323 4042 526 4108 excurrendo
555 4040 727 4106 levitatem
758 4040 987 4105 adolescentiae
1011 4060 1155 4115 servans,
1179 4039 1375 4125 potentissi-

323 4165 393 4209 mos
415 4145 458 4210 ad
481 4144 625 4209 laborem
649 4141 788 4227 singulis
810 4141 877 4206 fere
893 4142 1009 4207 diebus
1033 4141 1222 4207 itinerando
1244 4142 1376 4228 fatigat.

323 4248 402 4313 Non
434 4248 531 4323 enim,
554 4245 640 4310 sicut
671 4243 729 4308 alii
761 4265 862 4329 reges,
886 4243 921 4306 in
952 4242 1077 4329 palatio
1109 4265 1169 4308 sue
1195 4243 1293 4328 jacet,
1317 4244 1375 4308 sed

358 4477 365 4508 ¹
380 4477 486 4540 placati,
498 4477 525 4524 Z.
850 4454 861 4463 ι’
908 4469 919 4501 ⁸
936 4468 983 4530 vel,
995 4470 1027 4520 G.

357 4556 367 4588 ²
381 4553 586 4621 perturbatione,
598 4554 624 4602 Z.
910 4548 920 4580 ⁶
937 4555 984 4607 cst,
996 4549 1022 4597 Z.

357 4632 368 4665 ³
384 4637 475 4691 aulem,
487 4633 517 4692 P,
529 4632 565 4691 Z;
585 4637 672 4690 turns,
684 4629 716 4682 G.
909 4626 920 4664 ⁷
937 4626 1057 4688 saliciae,
1070 4628 1100 4687 P,
1112 4627 1148 4688 23
1167 4631 1243 4689 artes,
1256 4628 1287 4680 G.

359 4713 370 4745 ⁴
387 4713 423 4774 in,
436 4711 463 4760 Z.
