3278 5662
353 780 416 846 392
792 790 970 841 emenone.
1209 777 1289 861 [an.
1307 775 1401 846 1170.

352 979 470 1065 ipsum,
508 1000 576 1044 non
612 980 711 1045 aliter
748 998 848 1064 quam
880 980 1027 1044 eruentis
1061 979 1225 1056 manibus,
1251 979 1405 1065 jugulare

352 1079 567 1148 machinetur.
639 1081 691 1146 De
728 1081 781 1144 his
835 1080 1000 1158 omnibus,
1037 1081 1171 1146 domine
1209 1083 1404 1157 venerando,

353 1185 447 1249 vobis
470 1184 647 1270 providere.
664 1184 842 1270 diligenter
865 1184 1036 1262 studeatis,
1061 1189 1104 1264 et,
1126 1186 1307 1250 seeundum
1330 1203 1406 1251 oon·

351 1287 462 1351 silium
486 1287 574 1372 quod
596 1307 618 1351 a
649 1287 720 1351 Deo
752 1286 893 1371 desuper
926 1286 1042 1350 datum
1076 1285 1172 1352 vobis
1194 1287 1304 1361 fuerit,
1326 1307 1407 1352 eura

351 1389 513 1476 pervigili,
536 1390 646 1453 animo
680 1387 828 1465 discreto,
862 1387 1089 1454 infestationes
1121 1388 1216 1453 vobis
1247 1389 1406 1454 insidian-

351 1491 445 1569 tium,
468 1491 531 1556 Dei
553 1489 679 1556 auxilio
701 1490 760 1576 qui
795 1508 864 1554 non
893 1489 1094 1575 derelinquit
1115 1497 1283 1576 sperantes
1305 1491 1342 1555 in
1364 1512 1407 1568 se,

351 1591 461 1656 valide
499 1597 653 1656 excutere
692 1590 834 1676 possitis
880 1590 931 1654 De
969 1598 1089 1657 oaetero
1127 1591 1268 1668 domine,
1306 1611 1405 1677 quam

349 1692 448 1757 citius
480 1692 602 1758 litterae
634 1691 760 1757 domiui
791 1692 877 1778 mgis
916 1691 996 1757 viaae
1035 1698 1070 1758 ot
1101 1693 1227 1758 auditae
1260 1692 1406 1770 fuerunt,

349 1794 540 1859 audivimus
563 1795 670 1859 dicere
692 1793 782 1879 quod
803 1813 862 1858 rex
886 1798 921 1859 at
943 1792 1165 1860 archidiaconi
1188 1793 1303 1860 statim
1319 1815 1404 1858 nun·

351 1896 436 1961 tium
483 1895 659 1982 quemdam
696 1895 739 1960 ad
782 1915 893 1980 regem
938 1895 975 1959 in
1008 1895 1250 1962 Normanniam
1296 1903 1407 1961 trans·

350 1998 520 2074 miserunt,
559 1996 626 2072 aed,
664 1996 746 2082 quid
772 1996 1006 2062 mandaverint
1028 1998 1162 2082 penitus
1208 1998 1405 2084 ignoramus.

350 2099 477 2166 Idcirco
499 2099 637 2164 latorem
669 2098 885 2184 presentium
917 2116 995 2163 curn
1025 2100 1172 2163 maxima
1194 2099 1405 2164 festinatione
1470 2096 1472 2099 ’

349 2200 392 2264 ad
432 2218 491 2264 vos
541 2200 714 2276 mittimus,
754 2203 794 2263 ut
827 2199 918 2285 qnod
938 2200 1133 2265 erudivimus
1173 2205 1208 2265 et
1229 2200 1405 2266 didicimus

349 2299 444 2365 vobis
458 2300 690 2386 significemus.
714 2299 865 2366 Eundem
881 2320 960 2388 ergo
971 2301 1026 2366 vel
1040 2302 1145 2367 alium
1160 2302 1230 2367 sine
1246 2301 1405 2368 dilatione

349 2400 393 2465 ad
415 2419 475 2465 noa
497 2401 629 2465 mittem
652 2418 720 2466 non
742 2400 913 2479 differatis,
928 2404 963 2467 et
978 2402 1073 2466 nobis
1096 2423 1196 2488 super
1219 2401 1270 2466 his
1286 2402 1404 2467 volun·

349 2506 454 2567 tatem
486 2506 630 2567 vestram
652 2507 687 2568 et
718 2502 878 2588 placitum
913 2503 1044 2588 planius
1067 2503 1266 2570 renuntietis
1278 2526 1287 2584 ;
1317 2505 1404 2591 quia,

349 2604 435 2670 sieut
457 2603 521 2668 iste
543 2623 599 2668 ore
632 2603 726 2668 vobis
756 2603 866 2670 dicere
897 2604 1029 2690 poterit,
1053 2605 1112 2670 soli
1135 2605 1206 2670 sine
1228 2606 1347 2692 eapite,
1370 2611 1405 2671 ot

348 2705 484 2784 auxilio,
507 2710 542 2771 et
563 2702 721 2772 oonsilio¹
746 2725 867 2772 sumus
916 2706 1041 2771 Nullus
1063 2708 1163 2785 enim,
1186 2727 1285 2794 quem
1309 2708 1404 2773 nobis

351 2807 581 2894 proposuistis,
614 2807 777 2873 mandato
808 2812 920 2874 vestro
951 2826 1059 2894 neque
1087 2816 1250 2896 praecepto
1272 2811 1404 2877 obedire

348 2930 449 2974 ausus
484 2915 543 2987 sat,
569 2914 690 2994 preter
724 2908 908 2989 Robustum
940 2911 1120 2992 sacristam,
1151 2913 1220 2997 qui,
1242 2919 1404 2998 quantum

349 3011 449 3077 seivit
479 3016 516 3076 et
547 3012 668 3097 potuit,
691 3012 728 3075 in
761 3013 896 3099 negotio
928 3030 1060 3097 operam
1094 3013 1257 3081 adhibuit.
1318 3015 1403 3081 Cum

351 3137 438 3194 vero,
461 3119 486 3181 si
512 3118 598 3182 forte
620 3117 778 3194 evenerit,
801 3118 857 3183 die
880 3116 975 3182 nobis
1002 3123 1131 3183 statuta
1158 3120 1403 3186 restitutionem

349 3237 461 3283 rerum
484 3225 669 3283 vestrarum
699 3218 845 3296 fecerint,
869 3220 956 3285 siout
986 3220 1159 3285 audiemus
1182 3227 1217 3286 et
1239 3222 1402 3309 intellige·

350 3342 433 3401 mus,
472 3322 696 3388 incontinenti
720 3321 815 3387 vobis
838 3323 1110 3389 renuntiabimus.
1157 3324 1276 3391 Valeat
1298 3327 1401 3392 domi·

354 3443 416 3489 nus
439 3429 557 3490 noster.

395 3528 496 3592 Later
517 3527 581 3592 iste
603 3532 729 3593 secreto
751 3526 903 3612 quaedam
921 3528 1016 3593 vobis
1038 3526 1192 3614 proprio²
1214 3548 1271 3594 ore
1285 3529 1402 3596 recita·
1513 3583 1518 3593 .

350 3628 410 3707 bit,
434 3646 518 3714 quie,
541 3632 580 3692 ut
613 3647 672 3714 pro
695 3648 775 3694 vero
797 3630 985 3706 credantur,
1009 3628 1244 3695 abominabilia
1259 3637 1347 3707 sunt,
1369 3637 1405 3697 et

349 3738 464 3796 tamen
486 3749 568 3795 vers
590 3734 677 3795 sunt.
735 3730 814 3794 Non
837 3733 888 3796 est
911 3749 1001 3816 opus,
1024 3730 1167 3810 domine,
1190 3736 1230 3794 ut
1252 3732 1402 3817 pluribus

349 3831 418 3897 ista
439 3831 586 3898 revelata
608 3833 696 3910 sint;
719 3831 838 3909 sedai
862 3831 978 3918 placet,
1002 3832 1124 3918 sepulti
1146 3832 1216 3897 sint
1237 3854 1403 3899 sermones

350 3952 426 4000 cum
449 3933 540 3997 solus
563 3952 602 3999 ea
623 3933 808 4000 audieritis.
855 3933 929 3999 Hoc
950 3953 1037 4019 saepe
1059 3939 1094 3998 et
1115 3932 1245 4019 saepius,
1260 3934 1402 4013 domine,

350 4038 446 4103 vobis
480 4040 646 4105 memoriae
678 4038 926 4116 committimus,
957 4061 1000 4104 ne
1032 4038 1067 4102 in
1101 4037 1257 4124 Angliam
1289 4040 1402 4106 verim

345 4139 522 4217 festinetis,
546 4141 611 4205 nisi
642 4142 807 4226 puriorem
830 4142 972 4226 gratiam
996 4140 1121 4206 domini
1154 4140 1240 4228 regis
1263 4139 1404 4234 adipisci⁸
1431 4224 1438 4236 ·

351 4241 491 4330 possitis.
549 4241 627 4308 Non
658 4247 710 4307 est
743 4243 833 4308 enim
866 4242 965 4309 homo
997 4245 1032 4307 in
1054 4244 1185 4330 Anglia
1208 4262 1269 4310 neo
1300 4244 1400 4310 etiarn

352 4348 442 4413 solus
480 4348 567 4412 inter
598 4367 710 4413 omnes
748 4345 789 4410 ‹le
822 4345 943 4431 quibus
976 4344 1201 4422 confidebatis,
1224 4347 1283 4431 qui
1311 4345 1401 4415 non³

383 4618 391 4650 ¹
408 4623 431 4668 ei
443 4613 553 4675 muniis,
565 4630 614 4666 em.
627 4608 660 4665 l.
931 4610 942 4647 ³
959 4610 1029 4677 quin,
1041 4610 1072 4664 Ο.

382 4697 393 4732 ⁸
406 4697 520 4764 proprio,
534 4696 566 4757 Ο,
578 4695 614 4757 Z,
630 4710 679 4745 om.
692 4695 721 4745 L.
