3278 5662
262 782 329 831 an.
350 765 460 847 1169.]
700 779 880 829 amsroan.
1260 763 1323 828 193

263 971 485 1058 supplicantes
517 977 557 1035 ut
588 991 655 1036 non
690 970 906 1056 acquiescatis
940 968 1145 1055 suggestioni
1179 967 1319 1053 alicujus

263 1072 379 1149 clerici,
403 1073 503 1136 etiam
526 1072 555 1137 si
570 1071 773 1157 primatiali¹
795 1070 939 1158 fulgeret
961 1069 1129 1156 dignitate
1152 1069 1318 1155 praeclara,

263 1175 290 1238 si
313 1176 349 1238 in
371 1176 495 1260 apertis
517 1174 639 1239 litteris
661 1175 747 1262 regis
770 1173 859 1259 quod
881 1172 999 1238 honori
1018 1177 1131 1236 vestro
1154 1170 1319 1256 expediat,

262 1282 362 1360 prout
384 1296 607 1362 saepenumero
640 1275 844 1361 propositum
868 1280 927 1350 ast,
951 1294 1019 1337 non
1052 1272 1227 1358 recipiatis.
1275 1272 1319 1337 Et

263 1397 415 1462 rogamus
438 1384 477 1443 ut
500 1377 770 1442 festinantissime
805 1397 974 1441 cursorem
996 1374 1052 1439 vel
1076 1374 1232 1439 clericum
1256 1374 1317 1440 ali-

262 1498 359 1562 quem
393 1478 436 1543 ad
470 1500 529 1543 nos
562 1500 666 1564 usque
699 1478 854 1553 mittatis,
885 1499 945 1564 per
978 1497 1076 1561 quem
1109 1475 1317 1542 voluntatem
1330 1497 1442 1564 chuat

261 1583 406 1644 vestram
429 1581 532 1657 nobie,
555 1581 583 1645 si
616 1581 732 1666 placet,
755 1579 922 1665 aperiatis,
946 1598 1007 1642 neo
1030 1582 1164 1642 tantum
1189 1577 1316 1644 defera-
1329 1565 1487 1700 imin

261 1683 305 1746 tis
344 1681 501 1768 magistro
539 1681 709 1758 Gratiano,
748 1686 788 1746 ut
824 1679 983 1746 honorem
1022 1678 1181 1744 carissimi
1218 1680 1316 1746 amici
1330 1700 1480 1751 norbens-

262 1784 372 1860 vestri,
389 1783 547 1869 praecipui
571 1782 755 1848 defensoria
777 1783 814 1846 in
837 1781 971 1848 ecclesia
993 1780 1154 1858 Romana,
1174 1781 1316 1867 penitus,
1329 1767 1461 1829 ΨΜ·

261 1908 400 1970 persona
422 1890 542 1961 nostra,
567 1884 774 1951 conculcetis.

708 2310 864 2377 DOXXI.

281 2461 500 2530 Guaaaarus
524 2465 784 2530 Lonnouruusrs
807 2480 992 2530 armemus
1014 2480 1063 2528 an
1086 2465 1299 2530 Macrsrrnm

726 2565 852 2632 Dama.

599 2719 661 2781 (ν’.
676 2724 740 2780 146;
756 2719 966 2781 humanit-12.)

304 2843 473 2910 Gilbertus
496 2845 558 2910 Dei
594 2848 702 2934 gratia
725 2847 964 2912 Loudonienais
987 2846 1159 2931 episcopus
1192 2845 1313 2912 dilecto

259 2945 327 3011 filio
350 2955 383 3011 et
405 2949 511 3013 amico
538 2970 597 3013 suo
628 2949 796 3015 carissimo
831 2949 991 3035 magistro
1024 2946 1139 3011 David
1161 2947 1312 3024 salutem,

256 3049 407 3132 gratiam,
430 3055 464 3113 et
487 3050 758 3117 benedictionem.

303 3149 384 3229 Quae
408 3157 517 3215 vestra
539 3151 621 3214 mihi
644 3152 818 3217 nuntiavit
841 3150 981 3237 epistola
1003 3149 1111 3215 multa
1126 3151 1310 3237 gratiarum
1326 3147 1443 3224 Danais

259 3251 387 3317 actione
410 3253 545 3338 suscepi,
574 3253 644 3338 jam
677 3274 767 3319 nuno
801 3253 1041 3319 obsecrationes
1074 3259 1108 3317 et
1143 3273 1252 3338 preces
1277 3253 1312 3317 in
1325 3215 1467 3332 &mg

259 3351 318 3418 hoc
340 3353 461 3417 obnixe
484 3355 664 3440 porrigens
698 3361 738 3420 ut
770 3355 858 3440 quod
880 3355 965 3419 milri
997 3354 1111 3419 littera
1145 3354 1310 3442 significa·
1324 3347 1397 3462 iiico
1416 3412 1436 3461 ,Β

261 3460 331 3519 tum
369 3462 420 3519 est
458 3476 554 3540 opere
593 3456 758 3542 complere
797 3456 918 3532 velitis,
957 3459 991 3519 et
1028 3462 1150 3521 vestrae
1189 3429 1451 3542 mentisappmieh

256 3555 409 3620 affectum
425 3577 503 3642 erga
525 3579 577 3621 me
600 3555 694 3641 ejus²
711 3558 799 3643 quod
823 3557 954 3643 postulo
979 3557 1152 3623 declaretis
1175 3559 1308 3625 affectu.
1323 3546 1476 3613 uthepope.

257 3655 410 3721 Probatio
444 3677 586 3741 namque
620 3658 809 3723 dilectionis
843 3658 1005 3723 exhibitio
1029 3658 1159 3743 operis³
1181 3665 1240 3736 est,
1276 3666 1309 3726 et

256 3766 410 3844 operatur
433 3781 523 3824 amor
546 3781 675 3845 magna,
709 3762 736 3823 si
772 3766 838 3839 est;
875 3761 903 3825 si
927 3781 1004 3825 vero
1027 3763 1156 3846 operari
1188 3763 1308 3839 renuit,

255 3882 347 3925 amor
384 3883 451 3926 non
490 3869 548 3926 est.
594 3862 635 3925 In
673 3864 793 3927 amoris
832 3863 936 3949 igitur
969 3864 1235 3948 experimentum
1273 3872 1308 3931 et

255 3965 530 4028 remunerationis
562 3965 734 4051 condignae
757 3965 929 4050 praemium
953 3965 1092 4050 postulo,
1126 3972 1165 4031 ut
1196 3988 1306 4032 meum

256 4065 297 4130 ad
332 4088 476 4151 praesens
511 4086 595 4130 onus
630 4087 688 4152 pro
721 4073 815 4152 parte
839 4066 1033 4151 suscipiatis,
1065 4074 1099 4131 et
1130 4089 1240 4134 meum
1263 4071 1306 4134 ad

254 4167 423 4231 dominum
463 4188 581 4252 papam
620 4167 812 4244 adventum,
847 4173 917 4232 tam
956 4168 1020 4253 ipsi
1058 4190 1161 4253 quam
1185 4168 1303 4247 Curiae,

254 4268 453 4354 significetis
487 4290 529 4332 ex
562 4272 656 4352 parte
689 4275 757 4332 tam
781 4273 894 4332 nostra
918 4289 1018 4352 quam
1044 4274 1154 4333 vestra
1180 4271 1305 4356 suppli·

254 4369 365 4445 cando,
389 4376 423 4432 et
455 4368 712 4434 sollicitudinem
735 4375 895 4454 quantam
931 4370 1085 4454 poteritis
1108 4371 1304 4450 adhibendo,

286 4585 292 4616 ¹
310 4586 440 4649 primarie,
453 4585 487 4641 V,
499 4585 528 4633 L.
833 4584 899 4633 'est
921 4585 1013 4648 operis,
1033 4590 1056 4633 et
1076 4594 1198 4650 operatur
1215 4604 1303 4650 meque

284 4665 294 4696 ²
311 4665 418 4723 eni-rius,
430 4662 485 4711 Liv.
799 4677 877 4723 antor,
890 4662 946 4711 niv.

341 4782 356 4815 o
371 4769 459 4815 12478.
1143 4785 1168 4831 N
