3278 5662
813 794 994 843 smsroam.
1189 780 1268 864 [aa.
1286 780 1430 843 1175-6.

777 1085 1028 1154 DCOXCVIII.

373 1238 593 1303 Aaaxnunaa
621 1253 709 1302 earn
738 1252 786 1301 An
809 1236 998 1302 Ronammr
1022 1237 1278 1302 annscssssu
1300 1248 1428 1302 sacm-

798 1356 998 1405 serseoemr.

727 1490 770 1553 (z.
781 1489 798 1540 i.
811 1494 873 1553 1⁸2,
891 1490 925 1542 o.
937 1490 994 1541 sor.
1005 1492 1076 1551 aa.)

206 1630 361 1710 Tnemyer
417 1622 606 1687 Alexander
640 1641 727 1706 papa
763 1619 904 1707 Rogerio
941 1619 1139 1685 Eboraeensi
1173 1618 1428 1708 archiepiscopo,

206 1698 361 1763 oreerryrng
373 1721 560 1808 apostolicae
582 1721 668 1785 sedis
691 1720 807 1805 legato.

307 1782 319 1811 ,t

206 1765 361 1895 iiiohighiut
419 1826 451 1887 A
486 1822 643 1888 memoria
676 1827 788 1887 vestra
809 1842 877 1886 non
908 1821 1041 1899 excidit,
1075 1821 1218 1907 qualiter
1248 1821 1284 1885 in
1318 1822 1428 1908 primo

206 1896 362 2013 fflffissffl
373 1947 461 1991 anno
495 1931 616 1990 nostrae
650 1924 875 2011 promotionis,
910 1925 1070 2010 seriptum
1105 1924 1292 1989 litterarum
1323 1924 1429 1992 felicis

206 2028 347 2089 provieion.
373 2027 540 2092 memoriae
585 2025 829 2112 praedecessoris
874 2026 978 2089 nostri
1017 2024 1158 2089 Honorii
1197 2046 1292 2111 papae
1330 2026 1428 2091 nobis

205 2092 266 2158 ὼ·
373 2128 486 2194 feceris
508 2128 709 2213 praesentari,
732 2127 768 2191 in
801 2147 866 2211 quo
900 2126 1133 2192 continebatur
1166 2126 1428 2192 antecessoribus

372 2230 440 2294 tuis
463 2228 642 2315 apostolica
663 2227 868 2313 benignitate
892 2226 1060 2290 indultum
1083 2226 1186 2291 luisse
1208 2232 1255 2303 ut,
1279 2232 1349 2292 tam
1384 2228 1428 2293 iis

372 2352 471 2417 quam
517 2330 755 2395 suecessoribus
800 2329 877 2406 suis,
914 2328 1054 2392 liberum
1101 2333 1186 2393 esset
1222 2349 1282 2413 per
1318 2336 1427 2395 totam

371 2434 528 2520 Angliam
563 2438 641 2497 ante
674 2454 709 2496 so
743 2452 871 2497 crucem
903 2432 1029 2496 deferre
1041 2455 1049 2510 ;
1086 2451 1146 2495 nos
1183 2452 1270 2507 vero,
1308 2432 1428 2498 iisdem

371 2534 585 2600 antecessoris
622 2534 726 2597 nostri
765 2532 916 2617 vestigiis
963 2532 1170 2610 inhaerentes,
1208 2532 1271 2595 tibi
1309 2533 1428 2619 scripti

372 2638 475 2702 nostri
523 2635 705 2701 munimine
743 2633 1010 2698 confirmavimus
1045 2634 1133 2718 quod
1167 2635 1428 2703 antecessoribus

373 2739 441 2803 tuis
464 2738 573 2802 fuerat
595 2758 616 2802 a
638 2737 874 2822 praedecessore
897 2725 1211 2800 nost1·0clernenter
1245 2736 1426 2805 indultum.

373 2840 588 2905 Postmodum
626 2844 739 2903 autem
784 2844 907 2903 sanctae
945 2843 980 2903 et
1018 2837 1216 2902 venerandae
1262 2841 1429 2906 memoriae

372 2943 522 3019 Thomas,
557 2941 723 3028 quondam
757 2940 1005 3005 cantuariensis
1038 2940 1310 3027 archiepiscopus
1341 2944 1430 3008 exis·

204 3072 269 3136 app.
285 3081 322 3131 13,
371 3047 494 3110 tima-ns
528 3045 588 3111 hoc
619 3045 655 3107 in
690 3044 933 3129 depressionem
964 3043 1050 3126 juris
1082 3048 1117 3108 et
1149 3043 1324 3129 dignitatis
1357 3067 1428 3111 sura

203 3142 351 3257 i}2²{³,’.⁴¹’
371 3147 564 3219 redundare,
588 3145 707 3211 exinde
731 3144 833 3229 coepit
857 3145 1073 3229 quaestionem
1097 3164 1236 3219 movere,
1260 3150 1294 3209 et
1328 3168 1426 3231 prop·

211 3228 217 3251 '
252 3243 259 3265 '
296 3228 317 3258 ι’
371 3256 423 3314 ter
445 3249 507 3313 hoc
529 3248 572 3312 ad
594 3247 704 3311 sedem
727 3246 940 3331 apostolicam
974 3245 1164 3330 appellavit,
1187 3245 1362 3325 affirmans,
1398 3249 1425 3313 si

371 3350 453 3414 hene
490 3348 711 3423 meminimus,
746 3348 834 3431 quod
858 3346 920 3410 tibi
949 3345 1001 3410 vel
1034 3345 1325 3431 praedecessoribus
1356 3349 1426 3413 tuis

371 3451 561 3514 nullatenus
584 3447 619 3511 id
652 3447 805 3512 licuisset.
853 3447 972 3532 Sicque
1004 3447 1210 3525 factumest,
1245 3449 1333 3534 quod
1367 3472 1428 3515 nos

372 3552 434 3615 tihi
458 3572 516 3635 per
549 3549 672 3633 scripta
705 3554 819 3613 nostra
853 3549 1082 3633 prohibuimus
1114 3571 1155 3613 ne
1188 3549 1223 3612 in
1255 3552 1429 3635 provincia

372 3650 620 3718 Cantuariensis
652 3649 805 3726 ecclcsiae,
840 3649 943 3713 donec
966 3649 1006 3713 de
1038 3672 1135 3715 eausa
1168 3658 1426 3736 cognosceretur,

371 3760 448 3819 ante
472 3762 506 3816 te
538 3772 665 3816 crucem
689 3750 813 3815 deferre
845 3751 956 3835 aliqua
988 3753 1116 3817 ratione
1148 3753 1293 3817 auderes.
1340 3753 1428 3833 Quia

372 3877 458 3942 ergo,
481 3876 539 3939 per
561 3854 698 3918 dilectos
720 3852 805 3917 filios
828 3859 957 3917 nostros
980 3853 1010 3917 J.
1044 3859 1079 3917 et
1102 3854 1140 3918 A„
1174 3853 1308 3919 clericos
1341 3860 1426 3932 tuos,

372 3979 505 4046 gravem
529 3978 637 4022 eoram
661 3954 755 4020 nobis
782 3955 1019 4039 querimoniam
1053 3956 1246 4041 deposuisti,
1278 3978 1427 4023 asserens

372 4060 461 4147 quod
484 4064 517 4123 ts
541 4057 741 4143 possessione
765 4055 865 4141 hujus
888 4057 1061 4141 1·ei,quam
1086 4063 1124 4120 tu
1148 4062 1183 4122 et
1205 4062 1427 4125 antecessores

373 4163 424 4228 tui
458 4161 630 4235 habueras,
662 4158 785 4241 absque
816 4157 1002 4242 cognitione
1032 4157 1154 4241 judicis
1188 4157 1426 4243 spoliassemus,

373 4285 432 4329 nos
470 4262 617 4327 volentes
655 4259 728 4335 tihi,
762 4262 920 4341 tanquam
959 4258 1142 4323 venerabili
1175 4258 1272 4324 fratri
1304 4266 1425 4339 nostro,

374 4366 507 4441 deferre,
532 4368 565 4427 et
584 4362 661 4445 jura
684 4364 743 4424 tua
766 4359 896 4443 integra
927 4358 1058 4423 illibata
1080 4380 1221 4436 servare,
1256 4363 1426 4445 praesenti-

373 4468 435 4531 bus
459 4465 579 4529 littcris
594 4464 780 4539 statuimus,
798 4461 886 4545 quod
910 4461 1029 4525 litterae
1053 4461 1287 4546 prohibitionis
1303 4468 1425 4531 nostrae

374 4567 502 4632 nullum
541 4566 603 4630 tibi
641 4563 869 4649 praejudicium
905 4563 1037 4637 faciant,
1076 4563 1252 4648 quominus
1290 4565 1351 4628 tibi
1391 4573 1426 4631 et

374 4666 611 4735 suecessoribus
633 4668 701 4730 tuis
725 4666 864 4730 liberum
889 4666 941 4741 sit,
966 4666 1241 4751 quemadmodum
1265 4667 1359 4732 vobis
1374 4674 1425 4735 est
