3278 5662
166 2676 234 2727 Nov.
248 2681 285 2728 18.

331 721 396 785 408
770 733 947 782 eersreun.
1189 720 1271 804 [nn.
1289 716 1390 796 11⁷0,

331 928 408 986 rant
431 927 470 987 ut
492 920 755 1006 archiepiscopus
778 926 813 995 et
835 920 887 984 sui
910 921 953 986 ab
968 920 1086 986 exsilio
1101 920 1278 987 redeuntes
1300 922 1389 988 nihil

332 1045 464 1109 prorsus
486 1030 547 1089 aut
569 1023 743 1088 minimum
767 1022 965 1101 invenirent,
982 1027 1103 1110 praeter
1125 1023 1239 1089 domos
1262 1046 1388 1091 vacuas

334 1147 375 1190 ex
408 1146 528 1211 magna
561 1129 656 1211 parte
690 1128 908 1209 consumptos,
935 1129 976 1188 et
1011 1123 1127 1189 horrea
1161 1124 1328 1203 demolita,
1352 1131 1388 1191 et

333 1248 425 1290 areas
455 1227 571 1305 nudas,
594 1231 629 1291 ct
650 1225 711 1291 hoc
743 1224 786 1289 ad
816 1225 1072 1290 consolationem
1108 1224 1277 1292 diuturnae
1310 1247 1386 1312 pro·

334 1328 522 1414 scriptionis
544 1333 579 1393 et
602 1327 867 1393 emendationem
897 1327 1059 1413 sacrilegii
1088 1327 1277 1413 perpetrati
1340 1328 1387 1392 Et

335 1451 409 1495 cum
447 1429 537 1517 pax¹
567 1436 681 1494 nostra
718 1429 813 1493 nobis
851 1429 888 1492 in
918 1427 1003 1494 festo
1042 1428 1147 1494 beatae
1177 1429 1385 1515 Magdalenae

334 1531 452 1597 fuisset
474 1532 659 1608 reformata,
683 1537 717 1596 et
746 1530 973 1596 serenissimus
996 1530 1149 1595 dominus
1180 1536 1293 1596 noster
1324 1553 1385 1597 rex

335 1632 495 1712 filiosuo,
518 1654 605 1698 novo
636 1633 714 1719 regi,
737 1632 857 1697 litteris
881 1631 1073 1717 patentibus
1106 1632 1321 1719 praecepisset,
1345 1639 1386 1699 ut

334 1733 577 1820 archiepiscopo
598 1740 633 1798 et
654 1733 723 1797 suis
747 1733 859 1798 omnia
880 1732 1135 1798 restituerentur
1157 1733 1193 1796 in
1216 1733 1385 1820 integrum

335 1841 435 1920 prout
450 1834 581 1901 fuerat²
597 1835 704 1900 tribus
727 1833 895 1899 mensibus
917 1840 1096 1919 antequam
1112 1834 1269 1922 Angliam
1292 1856 1386 1921 egre·

335 1937 500 2015 donentur,
525 1958 636 2002 omnes
660 1941 772 2000 tamen
802 1935 929 2001 reditus
960 1936 1093 2001 nomine
1126 1937 1196 2021 ejus
1228 1937 1386 2023 praerepti

335 2042 423 2116 sunt,
448 2039 504 2125 qui
530 2038 699 2122 usquead
726 2035 848 2102 Netcle
871 2036 1006 2101 Domini
1037 2037 1161 2122 percipi
1193 2042 1384 2123 potuerunt.

337 2139 451 2203 Plures
481 2139 701 2225 possessiones
723 2144 759 2203 et
781 2138 933 2204 ecelesias
957 2160 1047 2223 quas,
1071 2138 1143 2225 ipso
1169 2139 1245 2224 jure
1275 2142 1310 2203 et
1333 2161 1386 2204 ra·

335 2242 426 2306 tione
457 2242 544 2326 pacti
573 2241 737 2317 conventi,
761 2241 893 2305 restitui
926 2240 1099 2326 oportebat
1131 2241 1274 2307 ecelesiae
1298 2242 1385 2306 Can-

335 2343 504 2420 tuariensi,
535 2343 652 2419 adhue,
683 2342 824 2427 publicae
848 2342 1023 2428 potestatis
1054 2343 1261 2417 auctoritate,
1290 2363 1384 2408 oocu-

334 2449 417 2533 pant
439 2445 584 2511 curiales.
633 2444 703 2529 Ego
725 2444 814 2508 inter
836 2450 970 2510 caeteros
985 2466 1054 2509 una
1076 2444 1210 2511 eeclesia
1233 2446 1384 2529 privatus

334 2569 407 2612 sum
430 2568 504 2633 quse
527 2546 749 2632 quadraginta
771 2567 896 2612 marcas
918 2567 1046 2611 annuas
1069 2546 1218 2612 solvebat
1240 2552 1384 2611 anteces-

334 2649 399 2713 sori
429 2670 509 2714 meo.
569 2647 718 2733 Contigit
749 2654 860 2713 autem
896 2670 947 2713 me
977 2649 1089 2714 triduo
1111 2649 1276 2734 applicare
1306 2655 1385 2714 ante

334 2757 467 2816 oetcvas
497 2751 586 2816 beati
622 2749 768 2830 Martini,
792 2756 826 2815 et
860 2749 896 2812 in
928 2749 1007 2835 ipsis
1042 2751 1167 2815 oetavis
1199 2756 1271 2815 erat
1297 2750 1385 2817 Oan-

335 2853 453 2919 tuariae
483 2852 629 2939 synodus
659 2851 863 2928 celebranda,
890 2851 1015 2937 inqua
1045 2874 1096 2916 me
1120 2853 1208 2918 vices
1239 2854 1384 2918 absentis

166 2969 217 3021 His
229 2986 316 3035 recep.
334 2953 570 3040 archiepiscopi
603 2975 713 3039 gerere
748 2953 928 3039 oportebat.
989 2953 1071 3018 Cum
1112 2954 1233 3039 itaque,
1263 2960 1385 3041 praeter

166 3039 220 3088 lion
232 3047 259 3088 at

167 3104 275 3156 Canter-

165 3173 238 3237 bury.

334 3077 425 3142 spem
450 3060 484 3121 et
499 3060 614 3121 contra
628 3055 749 3118 bonam
772 3054 958 3140 opinionem
982 3060 1016 3120 et
1031 3055 1134 3120 bonas
1157 3056 1385 3142 promissiones

336 3158 464 3222 domini
486 3158 582 3243 regis,
605 3157 652 3221 sic
675 3156 786 3220 omnia
809 3157 944 3223 turbata
966 3158 1157 3244 reperissem
1180 3164 1220 3223 ut
1242 3160 1282 3224 de
1305 3181 1385 3245 pace

336 3259 474 3327 nostra³
513 3265 547 3324 et
579 3260 620 3323 de
655 3259 764 3323 reditu
802 3260 1038 3346 archiepiscopi
1076 3261 1302 3348 desperaretur
1341 3262 1385 3327 ab

336 3363 498 3439 omnibus,
521 3366 555 3427 et
577 3382 629 3424 me
653 3365 811 3445 tanquam
843 3360 879 3425 in
901 3383 1026 3427 earcere
1057 3364 1202 3448 positum
1232 3366 1386 3450 agnovis-

337 3486 414 3541 sem,
430 3463 528 3527 vultu
551 3461 649 3525 hilari
675 3468 709 3525 et
731 3461 842 3525 animo
865 3463 1031 3527 constanti
1055 3462 1269 3530 Cantueriam
1292 3466 1385 3551 petii,

336 3565 394 3629 ubi
425 3586 446 3629 a
469 3563 554 3629 clero
589 3567 622 3627 et
658 3561 779 3647 populo
811 3584 886 3627 eum
919 3585 1038 3650 magno
1068 3564 1199 3642 honore,
1223 3572 1257 3631 et
1288 3566 1384 3651 quasi

333 3666 472 3753 angelus
490 3662 635 3737 Domini,
651 3669 800 3749 receptus
816 3687 909 3745 sum;
930 3666 1083 3732 fidelibus
1094 3667 1164 3753 jam
1181 3690 1222 3732 ex
1238 3669 1385 3735 adventu

335 3790 408 3834 meo
430 3767 566 3832 meliora
598 3766 818 3851 sperantibus,
842 3768 987 3853 eoquod
1010 3769 1057 3833 eis
1087 3790 1280 3854 persuasum
1302 3777 1384 3849 erat,

334 3870 424 3957 quod
460 3891 513 3934 me
555 3867 646 3932 nullo
678 3870 775 3934 modo
813 3869 1074 3957 archiepiscopus
1108 3872 1320 3957 praemisisset
1354 3874 1383 3938 si

335 3994 402 4038 non
426 3976 513 4038 essct
535 3971 570 4034 in
593 3969 685 4034 brevi
717 3976 895 4036 secuturus.
958 3970 1042 4037 Inde
1066 3972 1192 4057 synodo
1222 3973 1385 4040 celebrata

333 4074 376 4141 ad
400 4095 524 4139 novum
555 4093 663 4159 regem
693 4070 882 4158 profectus*
903 4094 985 4150 sum,
1009 4078 1043 4137 et
1065 4074 1146 4138 setis
1168 4074 1312 4141 humane
1335 4099 1384 4142 re·

333 4181 457 4264 ceptus,
471 4174 550 4242 lieet
572 4174 747 4241 custodes⁶
761 4175 814 4239 sui
829 4174 955 4259 aliquid
977 4175 1104 4240 timeris
1127 4175 1388 4261 praetenderint,⁶

365 4389 452 4455 1ριιτ,
463 4404 514 4439 om.
525 4387 566 4448 νς
587 4392 682 4445 uestro,
694 4401 745 4436 om.
758 4384 791 4435 L.
915 4384 1110 4447 ‘concustodes
1122 4387 1152 4448 L,
1165 4388 1206 4447 G;
1224 4395 1247 4437 et
1262 4388 1385 4451 custodes,

365 4468 376 4500 ²
385 4468 487 4533 sumat,
499 4469 533 4528 Ο,
543 4468 562 4516 Ζ
572 4488 578 4525 ;
589 4466 707 4531 suerunt,
719 4464 749 4513 L.
883 4464 921 4523 0;
939 4465 1053 4514 custodes
1063 4466 1112 4526 sai,
1123 4467 1150 4515 Z.

365 4548 488 4607 ’vestrm
499 4546 533 4596 V.
916 4541 1125 4609 “protenderint
1161 4546 1204 4606 Z;
1244 4545 1384 4611 pretende·

363 4624 374 4658 ⁴
387 4629 527 4691 protectus,
540 4624 572 4674 G.
881 4629 950 4683 runt,
963 4622 996 4673 G.
