3278 5662
361 811 426 872 484
799 822 980 874 semrom.
1221 806 1305 893 [no.
1326 808 1429 877 1171.

360 1028 421 1071 sua
443 1007 612 1091 provincia
635 1007 833 1085 constitutis,
856 1009 995 1073 salutem
1018 1015 1053 1073 et
1079 1007 1295 1095 apostolicam
1319 1010 1425 1074 bene-

361 1108 548 1173 dictionem.

193 1234 257 1309 alsy
270 1234 310 1309 ¹.⁴·
408 1210 449 1273 In
471 1211 659 1296 apostoliae
680 1212 767 1276 sedis
790 1212 931 1297 specula,
948 1212 1026 1277 licet
1047 1212 1214 1289 immeriti,
1229 1214 1423 1292 constituti,

193 1297 327 1414 ἓξὲξ
362 1312 588 1377 universorum
613 1334 772 1390 excessus,
788 1335 847 1398 per
869 1334 929 1378 nos
951 1319 1011 1378 aut
1039 1336 1099 1399 per
1121 1315 1256 1399 eosqui
1278 1321 1364 1380 sunt
1387 1317 1425 1381 in

192 1430 316 1492 ‹lictpro
364 1418 491 1500 partem
526 1413 757 1479 sollicitudinis
790 1415 885 1479 nobis
922 1416 1104 1480 commissae
1135 1417 1308 1501 assumpti,
1344 1438 1424 1503 prc-

193 1496 352 1613 ffi‘ffl’l
365 1516 442 1581 vida
464 1516 620 1581 debemus
642 1516 930 1602 circumspectione
959 1518 1127 1603 corrigere,
1151 1523 1186 1582 et
1208 1519 1422 1604 singulorum

195 1627 330 1693 bishopof
366 1618 531 1683 erratibus
555 1617 737 1703 pontificali
756 1618 964 1683 moderantia
992 1619 1134 1696 obviare,
1160 1640 1211 1696 ne,
1234 1620 1331 1684 nobis
1351 1621 1423 1685 dis·

195 1695 270 1745 ⁸⁰⁰³·
365 1719 606 1796 simulantibus,
630 1719 714 1784 vitia
736 1720 913 1785 videantur
937 1720 1119 1785 virtutibus
1148 1721 1338 1806 praevalere.
1390 1725 1423 1787 A

365 1821 523 1885 memoria
545 1820 707 1904 siquidem
730 1826 843 1885 nostra
857 1841 925 1886 non
940 1821 1063 1886 excidit
1087 1822 1230 1906 qualiter
1252 1842 1314 1906 pro
1336 1844 1423 1908 pace

365 1928 487 1987 sanctes
519 1922 752 1987 reeordationis
781 1922 924 1999 Thomas,
948 1922 1138 1988 Cantuariae
1170 1924 1423 2011 archiepiscopi,

366 2024 473 2108 (cujus
503 2024 623 2103 anima,
657 2024 728 2089 Deo
761 2023 848 2089 sicut
880 2024 1042 2091 credimus
1074 2025 1218 2110 pretioso
1252 2027 1423 2112 martyrio

364 2126 522 2202 dedicata,
560 2128 594 2190 in
632 2126 721 2191 caelis
757 2148 831 2192 eum
863 2127 984 2192 sanetis
1015 2126 1158 2209 habitat)
1187 2126 1288 2212 juxta
1320 2127 1423 2196 officii

364 2228 469 2292 nostri
501 2228 651 2292 debitum
682 2227 814 2293 solliciti
846 2235 881 2292 et
904 2228 1020 2314 vigiles
1050 2229 1256 2306 exsistentes,
1281 2251 1423 2297 venera-

364 2329 488 2394 bilibus
511 2329 670 2395 fratribus
693 2330 814 2394 nostris
831 2330 996 2396 Willclmo
1019 2329 1212 2408 Senonensi,
1228 2332 1424 2417 apostolicae

366 2432 452 2495 sedis
474 2431 591 2517 legato,
614 2437 649 2496 et
671 2430 846 2515 Rc[trcdo]
878 2430 1135 2517 Rothcmagensi
1165 2431 1424 2519 archiepiscopis
1499 2420 1502 2425 ¹

365 2535 631 2599 mandaverimus
664 2539 712 2612 ut,
736 2534 763 2596 si
788 2555 847 2597 rex
873 2533 1055 2619 Anglorum
1079 2535 1109 2598 ei
1132 2533 1299 2599 ecelesiam
1324 2556 1423 2601 suam

365 2637 401 2700 in
433 2636 522 2700 omni
553 2658 633 2721 pace
666 2644 700 2700 et
732 2635 886 2701 libertate
920 2655 987 2699 non
1020 2635 1213 2712 dimitteret,
1236 2642 1270 2701 et
1305 2636 1425 2704 ablata

365 2759 432 2802 non
456 2738 653 2815 restitueret,
669 2758 730 2802 nec
744 2757 857 2821 pacem
875 2757 974 2821 quam
998 2758 1107 2802 secum
1131 2736 1254 2802 fecerat
1277 2738 1425 2805 firmiter

365 2844 583 2915 conservaret,
613 2846 734 2903 terram
765 2837 836 2922 ejus
871 2838 1090 2903 Oisrnarinam
1128 2838 1306 2904 interdicto
1341 2842 1423 2907 sub·

362 2940 523 3023 jicercnt3
546 2947 580 3004 et
595 2940 624 3003 si
648 2945 785 3023 uterquc
801 2939 912 3022 aliquo
937 2960 1015 3003 casu
1039 2938 1196 3004 interesse
1217 2960 1285 3004 non
1307 2950 1424 3025 posset

367 3042 421 3106 vel
444 3042 557 3118 nollet,
572 3041 657 3106 alter
678 3040 895 3104 nihilominus
914 3041 1109 3105 mandatum
1124 3047 1275 3105 nostrum
1290 3043 1424 3109 studio·

367 3144 436 3207 sius
469 3143 671 3228 adimpleret.
730 3142 816 3221 Quia
852 3164 939 3220 vero,
963 3144 1205 3227 praenominato
1237 3144 1422 3231 Ro[trod0]

369 3244 602 3329 Rotomagensi
651 3244 783 3308 nolente
831 3244 1025 3307 mandatum
1072 3250 1222 3309 nostrum
1269 3252 1421 3333 exsequi,

367 3348 402 3410 id
425 3369 483 3431 per
504 3347 576 3431 jam
602 3346 727 3411 dictum
763 3346 982 3410 Sunonensem
1019 3352 1069 3410 cst
1092 3347 1318 3431 adimpletum,
1345 3371 1422 3431 nos,

367 3450 408 3513 de
447 3448 613 3513 communi
646 3448 786 3512 fratrum
824 3454 1010 3511 nostrorum
1041 3448 1186 3524 consiliu,
1215 3453 1421 3518 sententiam

366 3573 465 3635 quam
497 3551 584 3615 idem
618 3549 887 3635 archiepiscopus,
910 3549 950 3612 de
983 3550 1139 3614 mandato
1163 3554 1197 3613 et
1218 3554 1422 3622 auctoritate

367 3658 487 3731 nostra,
512 3653 547 3716 in
571 3656 676 3716 totam
693 3656 813 3715 terram
839 3650 1055 3715 Cismarinam
1072 3651 1221 3735 prrsdicti
1245 3653 1332 3738 regis
1347 3657 1423 3721 An-

367 3756 442 3840 gliai
472 3753 646 3839 protulisse
677 3751 880 3837 dignoscitur
910 3755 1016 3815 ratam
1040 3756 1074 3815 ct
1096 3751 1224 3815 firmam
1248 3751 1422 3835 habentes,

368 3862 402 3922 et
425 3879 495 3922 eam
520 3855 717 3922 auctoritate
740 3853 919 3938 apostolica
942 3853 1181 3930 confirmantes,
1206 3855 1422 3924 universitati

368 3963 486 4022 vestus
518 3978 576 4041 per
609 3954 788 4040 apostolica
817 3954 940 4038 scripta
970 3954 1189 4038 praecipiendo
1212 3957 1420 4037 mandamus,

369 4066 403 4124 ct
425 4060 461 4122 in
484 4059 610 4122 virtute
634 4056 836 4130 obedientiae,
860 4055 921 4118 sub
944 4055 1089 4141 periculo
1116 4057 1240 4121 ordinis
1262 4064 1296 4122 et
1319 4058 1421 4126 officii

370 4160 482 4236 vestri,
513 4160 729 4245 praecipimus,
761 4163 923 4241 quatenus
962 4157 1110 4221 camdem
1144 4160 1343 4224 sententiam
1380 4162 1419 4226 in

370 4270 460 4329 terra
491 4284 565 4348 ques
602 4267 652 4325 cst
683 4261 719 4323 in
741 4260 867 4323 ditione
899 4260 1072 4325 memorati
1104 4261 1199 4346 regis,
1234 4282 1338 4346 usque
1373 4265 1418 4329 ad

369 4367 504 4451 dignam
527 4363 792 4440 satisfactionem,
816 4362 955 4427 firmiter
986 4369 1020 4427 et
1049 4362 1286 4427 inviolabiliter
1307 4364 1420 4429 obscr-

371 4468 463 4543 vetis,
487 4471 521 4531 et
542 4464 585 4531 ab
619 4464 694 4528 aliis
729 4464 856 4529 faciatis
889 4464 1127 4529 inviolabiliter
1158 4464 1334 4540 observari,
1358 4488 1420 4532 nec

369 4569 489 4655 aliquis
513 4573 658 4633 vestrum
693 4588 764 4632 carn
797 4567 953 4643 relaxare,
976 4567 1029 4631 vel
1063 4573 1177 4632 eontra
1208 4567 1323 4653 ipsam,
1347 4569 1418 4634 sine
