3278 5662
229 796 297 849 ao.
317 783 429 869 1170]
671 800 850 851 rrrsroen.
1220 787 1286 851 243

227 985 335 1052 dicore
371 989 537 1069 audebat;
575 997 609 1054 et
648 989 718 1065 hoc,
757 991 963 1057 sanctimime
1002 996 1106 1077 pater,
1145 990 1285 1074 contigit

228 1096 374 1176 tempore
409 1093 510 1156 vestri
546 1093 721 1157 decoctoris
756 1099 790 1159 ot
822 1093 936 1157 nostri.
996 1093 1063 1172 Qui
1095 1113 1173 1157 vero
1209 1093 1284 1157 odio

229 1194 294 1258 mei
328 1194 416 1263 mola
447 1195 518 1260 haec
548 1195 659 1260 omnia
689 1196 866 1280 contigisse
897 1195 1087 1280 loquuntur,
1111 1195 1233 1271 dicant,
1256 1196 1284 1258 si

229 1297 403 1361 noverint:
427 1297 501 1383 quis
532 1298 569 1360 in
591 1319 691 1382 regno
723 1297 794 1383 ejus
826 1303 973 1382 tempore
997 1319 1056 1361 auo
1086 1298 1140 1374 ait,
1172 1297 1213 1361 de
1245 1318 1283 1361 eo

231 1399 284 1463 vol
308 1400 348 1464 de
379 1399 432 1463 his
455 1400 574 1484 quibus
605 1401 804 1485 patrocinari
829 1400 944 1474 voluit,
967 1400 1165 1465 auctoritaie
1195 1399 1283 1464 sedis

230 1501 417 1585 apostolicae
445 1501 613 1588 justitiam
646 1506 864 1568 consecutus?
912 1501 1017 1578 Corte,
1050 1502 1138 1586 quod
1169 1501 1282 1566 merui·
1297 1505 1399 1589 §cesos

230 1605 344 1680 nerim,
367 1625 427 1670 nec
446 1626 551 1669 unum
574 1605 751 1690 proferent,
765 1605 952 1691 multosque
976 1604 1155 1690 poterunt¹
1178 1606 1283 1669 nomi·
1297 1574 1423 1687 fflffd

230 1728 309 1771 nore
332 1707 389 1790 qui
413 1707 488 1771 odio
511 1707 652 1772 Romani
674 1707 818 1772 nominis
841 1708 964 1772 subeo
994 1707 1172 1793 periclitati
1196 1712 1283 1771 sunt.
1297 1705 1364 1755 Μ·

230 1808 424 1874 Achardus²
446 1809 559 1874 Abbas
591 1809 705 1876 Sancti
729 1810 870 1875 Victoria
893 1810 1015 1876 electus
1037 1809 1074 1873 in
1096 1808 1283 1894 episcopum

231 1912 430 1997 Sagiensem,
452 1934 553 1997 quare
587 1934 655 1978 non
689 1913 867 1998 permissus
903 1919 954 1978 ost
978 1912 1125 1977 ordinari
1138 1912 1284 1992 t-Quia

231 2013 423 2078 electionem
448 2014 519 2099 ejus
543 2014 796 2080 confirmaverat
818 2036 966 2079 summus
990 2014 1142 2100 pontifex
1163 2014 1284 2079 Adria·

231 2136 301 2179 nua
351 2113 460 2193 Quare
491 2116 642 2200 permisit
676 2138 735 2179 rex
768 2122 807 2179 ut
830 2115 916 2180 idem
949 2115 1158 2201 postmodum
1190 2116 1285 2181 fieret

230 2218 401 2303 episeopus
436 2217 626 2283 Abricensis
639 2218 798 2284 i--Plane
821 2219 901 2304 quia
927 2218 1021 2283 nulla
1052 2217 1286 2284 voluntatem3

232 2321 303 2404 ejus
326 2321 491 2406 praecessit
513 2320 636 2386 electio.
688 2319 849 2386 Similiter
872 2326 906 2386 ot
929 2321 1104 2407 Fregerius
1126 2322 1163 2385 in
1185 2322 1284 2387 eecle-

232 2423 315 2486 siam
339 2422 530 2508 Sagienseur
563 2444 630 2487 non
653 2422 777 2490 electus
800 2424 858 2488 sed
881 2424 1030 2488 intrusus
1054 2428 1105 2488 est
1115 2431 1202 2502 ;-et
1225 2446 1285 2510 ego

232 2525 380 2588 nondum
404 2530 573 2609 promotus
596 2546 692 2589 eram.
741 2526 812 2591 Noe
833 2526 972 2611 ambige,
997 2525 1078 2610 quin
1099 2527 1170 2611 jam
1198 2526 1286 2590 inter

234 2650 292 2691 nos
316 2650 414 2714 super
436 2627 587 2694 libertate
611 2628 753 2694 ecclesiae
783 2626 901 2693 suimet
922 2628 1087 2693 exstincta
1109 2629 1285 2705 contentio,

233 2731 299 2794 nisi
332 2733 368 2794 in
400 2732 535 2795 ecelesia
568 2732 718 2796 Romana
751 2730 934 2796 voluntatis
968 2752 1045 2806 ane,
1077 2751 1119 2794 ne
1154 2751 1285 2814 perver-

234 2833 343 2897 sitatis
366 2833 481 2911 dicam,
506 2839 662 2919 patronos
686 2834 866 2919 reperisset.
906 2833 1084 2897 Retribuat
1106 2832 1172 2896 illis
1196 2832 1286 2897 Deus

234 2940 333 3019 prout
356 2934 498 3000 eeclesiae
521 2957 590 3000 enee
621 2941 655 3001 et
677 2936 744 3000 illio
768 2935 924 3021 expedit3
946 2941 980 2999 et
1003 2933 1165 3019 dijudicet
1200 2936 1287 3000 iuter

233 3039 317 3102 nos*
339 3039 589 3123 potentissimus
613 3045 647 3103 et
669 3039 878 3125 oequissimus
900 3037 1021 3103 «Iudex.
1070 3038 1196 3124 Utique
1218 3059 1447 3113 ueneremur

234 3148 320 3206 esset
342 3142 424 3204 mihi
442 3141 659 3206 necessarium
674 3141 897 3227 patrocinium
919 3140 1059 3218 illorum,
1073 3141 1102 3204 oi
1118 3142 1286 3206 ece-leriam
1298 3131 1429 3245 ff'ffissd

235 3245 297 3309 Dei
321 3244 497 3308 voluimern
521 3265 691 3328 exponere,
715 3250 749 3308 et
779 3243 982 3328 acquiescere
1012 3243 1179 3308 voluntati
1206 3243 1286 3328 ejus.
1317 3211 1334 3260 y
1391 3213 1417 3261 y.

236 3346 405 3431 Siquidem
431 3346 544 3409 florere
567 3349 748 3429 potueram,
772 3350 805 3409 et
834 3344 929 3431 regni
952 3345 1082 3409 divitiis
1103 3351 1139 3409 et
1161 3345 1286 3410 deliciis

234 3449 412 3522 abundare,
429 3447 549 3522 timori,
565 3446 636 3526 coli,
653 3451 688 3511 et
710 3446 863 3511 honorari
885 3447 949 3511 ab⁵
971 3446 1132 3523 omnibus,
1148 3452 1184 3512 et
1205 3450 1287 3513 mein

235 3552 267 3613 in
308 3549 480 3634 voluptate
515 3555 549 3613 et
585 3549 691 3634 gloria
725 3550 840 3613 mundi
874 3548 1048 3635 providero
1085 3571 1145 3635 pro
1177 3551 1286 3615 libitu.

235 3653 301 3716 Sed
334 3653 412 3736 quia
444 3673 496 3716 mo
529 3651 704 3736 indignum
743 3657 778 3715 et
814 3651 1035 3716 miserrimum
1073 3658 1286 3737 peccatorem,

235 3755 404 3818 florentem
438 3761 548 3817 tamen
583 3754 618 3816 in
653 3753 772 3818 seculo
809 3776 878 3839 prro
910 3755 1037 3820 cunetis
1067 3757 1287 3819 conterraneis

236 3858 325 3933 moia,
348 3856 390 3921 ad
413 3857 557 3921 eeclesiae
579 3878 648 3921 aure
671 3856 816 3941 regimen
839 3858 971 3921 vocavit
994 3856 1166 3934 DominuS,
1183 3857 1286 3943 ipsine

235 3955 342 4039 gratio
375 3959 545 4040 preeunte
569 3960 603 4019 et
625 3960 828 4040 cooperante,
854 3954 938 4040 elegi
973 3954 1122 4039 abjectus
1146 3978 1215 4021 esse
1250 3958 1285 4021 in

236 4058 332 4120 domo
355 4056 434 4140 ejus,
451 4062 485 4121 et
508 4056 669 4133 exsilium,
686 4062 720 4121 et
742 4056 1024 4142 proscriptionem,
1048 4063 1083 4123 et
1105 4063 1287 4123 extremam

236 4158 401 4222 miseriam
433 4158 528 4222 finire
566 4180 640 4222 oum
679 4158 759 4235 vita,
799 4180 898 4243 quam
937 4158 1042 4224 fucere
1074 4159 1286 4246 dispendium

237 4259 465 4327 ecclesiastiea
495 4260 668 4337 libertatis,
701 4266 735 4325 et
767 4260 963 4325 traditiones
993 4260 1176 4340 hominum,
1202 4283 1285 4348 prae-

271 4537 278 4568 ¹
296 4546 440 4603 potueruut,
451 4538 486 4599 A,
499 4539 529 4589 Ο.
823 4539 833 4570 ⁴
851 4554 904 4599 nos,
915 4540 942 4598 Z,
954 4536 993 4599 L;
1011 4553 1060 4588 om.
1073 4540 1108 4589 V.

269 4618 279 4650 ²
299 4618 427 4679 ricardus,
439 4618 473 4667 A.
821 4618 831 4649 ⁵
849 4617 885 4678 in,
897 4616 947 4669 V‘.

270 4697 281 4729 ³
299 4697 436 4757 voluntate,
448 4699 477 4749 L.

1089 4782 1153 4855 or
