3278 5662
359 729 424 790 532
799 745 981 796 urrsrona.
1218 731 1307 815 [an.
1326 726 1432 798 1172.

355 938 459 1000 totam
475 937 591 1001 mundi
606 937 740 1002 domum
756 938 857 1002 istum
873 938 1002 1024 spirant
1016 937 1155 1012 odorem,
1172 940 1207 1001 et
1237 934 1350 1001 mutis
1366 935 1430 1001 ed·

354 1036 419 1101 huc
444 1038 653 1103 ecclesiarum
688 1039 898 1123 principibus,
922 1038 1031 1104 nescio
1054 1059 1127 1122 qua
1150 1036 1431 1123 contemptibilia

357 1138 474 1203 mundi
508 1144 542 1204 et
581 1139 710 1223 abjecta
746 1138 836 1203 illius
868 1139 1081 1224 primogeniti
1115 1138 1218 1202 vestri
1255 1137 1429 1223 martyris

361 1240 486 1306 Christi
517 1240 658 1325 gloriam
682 1241 837 1305 universo
869 1247 1035 1306 terrarum
1061 1240 1138 1305 orbe
1170 1239 1429 1326 praeconizant;

193 1347 350 1427 Tbeauthe
361 1344 472 1408 videte
495 1344 644 1408 ordinem
677 1344 704 1406 si
737 1349 985 1428 praepesterum,
1018 1364 1077 1409 vos
1110 1341 1274 1409 videritis.
1324 1342 1429 1429 Epis·

194 1414 350 1531 misi&
363 1467 463 1532 copus
500 1450 596 1521 tecet,
635 1445 776 1530 populus
814 1445 1022 1531 evangelizat
1067 1496 1073 1508 .
1121 1494 1128 1509 .
1174 1495 1181 1510 .
1229 1495 1236 1509 .
1286 1443 1344 1519 Et,
1385 1448 1429 1509 ut

194 1548 290 1597 behind
301 1546 344 1596 ¹¹¹⁰
364 1546 474 1610 minus
512 1545 643 1629 sapiens
679 1545 795 1621 dicam,
833 1545 890 1629 qui
937 1544 1076 1630 perfecit
1120 1544 1228 1610 adbuc
1271 1543 1428 1621 haesitet,

194 1615 303 1743 ffilffigr
365 1647 488 1713 scilicet
522 1647 592 1731 ipse
614 1667 700 1733 papa
732 1648 789 1731 qui
822 1647 960 1732 pallium
992 1647 1085 1711 misit
1117 1651 1231 1711 sancto
1262 1644 1430 1725 Thomae3

365 1751 423 1836 qui
456 1769 533 1812 vero
567 1749 742 1826 destruxit,
775 1748 903 1814 scilicet
936 1748 1152 1835 spiculatores
1182 1748 1429 1814 incunctanter

366 1850 500 1915 exaltat.
547 1849 645 1914 Unde
668 1856 702 1914 et
736 1851 772 1913 in
806 1871 844 1914 eo
878 1851 966 1935 quod
998 1870 1087 1915 nunc
1117 1848 1320 1914 mirabiliter
1342 1849 1429 1917 facit

366 1952 528 2017 Dominus
563 1952 598 2015 in
632 1951 695 2018 hoc
729 1958 843 2016 sancto
875 1973 935 2016 suc
967 1951 1128 2017 mirabilis
1161 1956 1219 2028 cst,
1256 1972 1363 2037 quem
1386 1974 1429 2017 co

367 2053 632 2141 magnificentius
676 2053 839 2138 glorificat
870 2075 935 2138 quo
966 2053 1152 2118 mirabilius
1200 2053 1430 2139 evangelizat.

199 2169 333 2219 Themer-
369 2156 414 2219 Et
436 2162 476 2221 ut
498 2161 603 2221 tantae
625 2154 794 2239 majestati
828 2176 895 2220 non
919 2160 989 2220 tam
1022 2161 1145 2220 temere
1168 2174 1269 2239 quam
1292 2155 1429 2233 timide,

199 2233 350 2351 {prmum
369 2256 461 2322 salvo
484 2256 541 2321 illo
573 2255 732 2341 singulari
766 2256 912 2341 primatu
935 2261 993 2320 tuo
1016 2256 1074 2340 qui
1096 2254 1251 2321 omuibus
1285 2263 1429 2340 praeest,

199 2369 318 2416 ‹rerer-ves
369 2361 491 2445 loquor,
508 2358 601 2423 nulle
617 2363 791 2443 expectato
807 2358 975 2443 superiore
991 2358 1336 2443 mandato‚marty1is
1352 2359 1427 2445 pal·

199 2433 328 2549 {iffi
368 2484 457 2528 mam
498 2459 651 2545 martyrii
687 2458 793 2545 gloria
830 2481 907 2523 mox
946 2459 1101 2544 subsequi
1139 2459 1319 2539 debuisset,
1360 2463 1429 2529 etsi

200 2567 309 2630 tyreom.
367 2565 496 2630 nullum
520 2563 637 2627 luisset
663 2560 803 2625 visibilis
835 2561 922 2646 signi
956 2560 1190 2629 testimonium.
1236 2564 1311 2631 Nec
1334 2566 1430 2632 enim

368 2667 513 2733 arbitror
543 2663 733 2749 exemplum
768 2669 899 2729 exstare
922 2664 974 2729 vel
1009 2665 1170 2750 seriptum
1202 2687 1269 2751 quo
1300 2667 1429 2735 debeat

369 2770 413 2836 ad
451 2781 518 2833 tuse
556 2765 773 2842 auctoritatis,
812 2787 886 2850 quse
925 2765 1016 2831 omni
1038 2767 1220 2852 praeminet,
1253 2769 1427 2836 consulta·

371 2871 497 2936 tionem
520 2867 634 2933 referri
656 2866 763 2952 gloria
794 2867 961 2951 martyris,
993 2887 1071 2932 mcx
1103 2889 1178 2933 cum
1201 2868 1242 2934 de
1265 2872 1429 2955 martyrii

371 2972 482 3057 palma
503 2968 699 3044 constiterit,
721 2988 763 3032 ne
786 2968 821 3031 in
854 2968 1012 3034 relatione
1045 2969 1106 3034 hec
1128 2969 1286 3055 martyris
1307 2970 1430 3057 glor-im

371 3074 432 3137 fiat
455 3071 606 3157 quaedam
628 3069 788 3154 injuriosa
822 3070 947 3135 dilatio.
1009 3070 1087 3134 Alia
1118 3071 1240 3156 quippe
1262 3072 1430 3139 confesso.

371 3196 445 3238 mm
478 3172 633 3258 dignitas,
673 3169 765 3235 aliud
797 3192 875 3235 vero
913 3172 1066 3255 martyrii
1103 3171 1318 3258 privilegium
1368 3180 1429 3240 cst.

372 3276 462 3340 Nam
485 3274 513 3338 si
549 3277 600 3357 (ut
633 3272 812 3338 auctoritas
844 3272 957 3354 habet)
992 3294 1091 3339 causa
1125 3278 1302 3358 martyrem
1333 3274 1431 3354 facit,

375 3398 452 3440 mcx
497 3380 537 3438 ut
582 3373 623 3436 de
661 3394 761 3437 causa
803 3374 998 3450 constiterit,
1044 3375 1085 3439 de
1123 3374 1285 3459 martyrio
1330 3378 1432 3445 nulla

376 3475 515 3561 quaestio
554 3479 611 3538 est.
672 3474 721 3537 At
758 3495 856 3539 causa
893 3474 948 3540 hic
985 3476 1101 3561 liquet.
1170 3474 1278 3541 Scivit
1316 3481 1431 3547 omnis

375 3578 510 3644 ecclesia
533 3582 568 3641 et
590 3575 678 3639 vidit
701 3583 735 3640 et
757 3576 839 3663 legit
862 3599 993 3643 causam
1017 3577 1142 3664 ipsius¹
1165 3577 1333 3664 scriptam,
1350 3603 1434 3666 pro·

377 3680 449 3765 prio
472 3678 574 3742 ctiam
599 3681 633 3741 et
664 3682 778 3742 sancto
809 3684 868 3742 tuo
891 3679 1042 3743 examine
1072 3679 1298 3764 approbatam,
1322 3703 1430 3767 quare

374 3786 409 3845 et
432 3780 472 3845 de
487 3779 648 3863 martyrio
670 3778 838 3844 haesitatio
862 3801 929 3844 esse
953 3801 1020 3845 nou
1035 3781 1142 3860 debet,
1167 3804 1187 3844 a
1208 3782 1299 3846 notis
1321 3784 1430 3849 etiarn

375 3881 536 3957 omnibus,
560 3901 633 3964 quae
656 3879 765 3945 Judaei
789 3888 916 3966 petunt,
941 3903 1073 3965 operum
1100 3882 1280 3946 visibilium
1296 3884 1431 3971 signis3

375 3991 415 4050 ut
437 3985 473 4047 in
495 4004 550 4048 ore
574 3981 714 4045 duorum
737 3986 869 4046 firmum
893 3988 959 4047 stet
982 4006 1077 4048 omne
1100 3984 1252 4068 martyrii
1274 3986 1431 4053 testimo·

207 4109 328 4160 Miratus
376 4088 478 4151 nium.
525 4083 623 4148 Unde
647 4084 959 4169 etian1‚etabsque
990 4085 1090 4150 tertio
1112 4091 1225 4150 nostro
1240 4085 1431 4154 visibilium

205 4176 364 4228 minem·
377 4190 547 4275 signorum
564 4186 761 4261 testimonio,
785 4192 969 4270 martyrum
994 4186 1083 4251 mille
1107 4187 1211 4250 millia
1232 4192 1333 4263 sunt3
1359 4190 1432 4257 illis

377 4292 479 4357 etiam
502 4289 566 4353 Dei
590 4288 694 4353 servis
719 4287 820 4372 (quod
843 4308 881 4351 eo
902 4287 1148 4372 lacrymabilius
1171 4309 1236 4373 quo
1258 4288 1432 4359 crudelius

379 4393 442 4478 est)
467 4391 552 4456 asini
586 4388 725 4475 sepultis
748 4387 929 4473 sepultura.
977 4389 1165 4455 Posuerunt
1197 4389 1295 4468 enim,
1324 4390 1434 4477 juxta

542 4648 551 4682 ¹
568 4649 693 4713 sunguine
708 4662 789 4699 seems
807 4656 834 4698 to
850 4649 882 4698 be
900 4648 1013 4713 wandug
1024 4648 1111 4701 before
1122 4650 1251 4715 scriptam.
