3278 5662
763 779 947 829 amaseam.
1188 765 1269 850 [an.
1287 768 1383 836 1170.

753 1117 948 1185 DOOXXV.

378 1273 524 1338 THOMAS
547 1271 833 1339 Oanrutmnnsls
855 1287 1151 1339 ARCHIEPISOOPUS
1174 1271 1322 1339 Hucom

789 1386 936 1438 COMIT1.⁸

525 1525 571 1586 (O.
584 1527 648 1584 215,
667 1523 695 1574 Z.
708 1539 731 1573 v.
742 1523 789 1584 773
808 1524 875 1588 Lup.
888 1541 911 1574 v.
926 1526 976 1586 74,
994 1525 1086 1576 Thom.
1100 1527 1171 1588 195.)

154 1647 296 1725 copgratu·
366 1649 496 1716 Lectis¹
520 1648 668 1717 caritatis
685 1646 1036 1728 vestrae'sermonibus,
1051 1652 1284 1718 canonicorum
1300 1674 1382 1737 quo·

57 1766 60 1771 ’
153 1714 216 1830 ¹3:1¹¹
217 1715 300 1830 {iffi
322 1774 386 1837 que
416 1751 538 1817 litteris
571 1750 736 1838 inspectis,
769 1751 891 1837 quibus
923 1773 957 1817 se
991 1751 1224 1818 liberalitatis²
1261 1760 1382 1819 vestrae

153 1851 286 1963 :iggfffffi
323 1853 518 1939 quotidiana
549 1853 707 1919 beneficia
741 1852 885 1939 experiri
918 1853 1174 1932 attestabantur,
1209 1854 1292 1920 adeo
1324 1877 1381 1919 ex·

215 1949 220 1963 '
323 1955 485 2021 hilaratus
509 1960 560 2020 est
581 1955 718 2040 spiritus
740 1976 844 2029 meus,
869 1954 958 2040 quod
982 1955 1095 2020 omnia
1118 1956 1279 2022 interiora
1308 1978 1383 2021 mea

323 2057 456 2122 laudem
486 2057 764 2142 germinaverunt,
788 2056 888 2120 Illum
912 2076 1113 2142 prosequens
1144 2057 1381 2144 multiplicium

323 2160 506 2246 gratiarum
538 2158 666 2224 actione
700 2159 741 2224 de
775 2159 872 2246 cujus
906 2180 1043 2224 munere
1075 2159 1170 2224 venit
1201 2164 1272 2225 tam
1293 2160 1382 2227 sruc-

324 2267 428 2340 tuosa,
451 2267 521 2326 tam
544 2259 684 2325 salubris
710 2265 745 2325 et
766 2260 926 2347 praeclara
948 2261 1122 2327 conversio
1146 2267 1264 2327 vestra.
1311 2262 1383 2328 Ista

323 2365 445 2450 quippe
483 2362 648 2428 vobismet
682 2362 719 2426 in
750 2362 840 2427 caelis
873 2361 1023 2449 gloriam,
1061 2363 1158 2429 nobis
1191 2363 1229 2428 in
1259 2363 1381 2450 spiritu

324 2469 486 2546 laetitiam,
508 2468 565 2533 sed
588 2473 623 2533 et
656 2468 720 2534 toti
752 2489 853 2554 regno
876 2469 1110 2533 suavissimum
1134 2469 1276 2556 exempli
1299 2492 1381 2555 prae·

323 2577 392 2638 stat
422 2571 562 2637 odorem.
609 2570 664 2636 Ita
695 2573 735 2635 ut
766 2571 876 2642 caeteri
908 2571 1013 2637 crucis
1046 2570 1172 2638 Christi
1203 2572 1331 2639 inimici
1362 2595 1383 2639 a

324 2673 418 2740 vobis
441 2673 563 2739 discere
586 2671 729 2749 valcant,
752 2671 780 2735 si
803 2671 919 2750 velint,
942 2672 1066 2738 diaboli
1084 2673 1205 2760 jugum
1221 2678 1383 2752 excutere,

324 2780 359 2840 et
375 2778 450 2859 post
464 2779 545 2838 vos³
568 2793 698 2839 currere
712 2771 749 2836 in
774 2770 905 2837 odorem
927 2779 1173 2859 unguentorum
1188 2779 1382 2840 vestrorum.

324 2872 407 2939 Inde
422 2872 523 2938 etiam
546 2876 596 2936 est
619 2869 708 2956 quod
729 2891 789 2935 nos
812 2870 965 2958 deinceps
988 2872 1078 2937 omni
1101 2877 1256 2957 tempore,
1272 2878 1383 2938 vestro

325 2980 359 3040 et
397 2978 581 3039 vestrorum
619 2970 737 3037 honori
775 2976 810 3037 et
847 2970 1021 3058 profectui,
1060 2971 1196 3039 favente
1229 2973 1382 3052 Domino,

325 3076 503 3142 studiosius
527 3074 745 3150 intendemus,
760 3079 877 3160 utpote
894 3074 951 3160 qui
967 3075 1003 3138 in
1025 3081 1147 3140 nostrae
1170 3075 1260 3161 pacis
1275 3076 1383 3152 initio,

324 3183 402 3244 ante
425 3176 527 3242 etiam
550 3196 648 3261 quam
671 3181 795 3240 terram
817 3174 1073 3261 ingrederemur,
1089 3176 1285 3241 mandatum
1307 3197 1382 3240 nos-

325 3285 414 3344 trum
441 3284 475 3344 et
499 3277 675 3344 consilium
698 3296 766 3340 non
789 3276 900 3340 minus
916 3276 1091 3362 magnifice
1117 3298 1216 3362 quam
1240 3277 1383 3365 benigne

325 3379 588 3456 consummastis,
611 3377 739 3444 caeteris
762 3377 918 3443 similiter
941 3378 1083 3443 faciendi
1106 3379 1276 3463 vosipsum
1300 3400 1383 3465 prse-

156 3485 271 3572 de,
325 3484 406 3548 bens
429 3480 606 3567 exemplar.
651 3481 879 3546 Veruntamen
913 3501 981 3546 non
1003 3481 1170 3547 modicum
1191 3502 1251 3546 nos
1274 3486 1383 3548 arctat

155 3551 297 3682 {¹223AEss
325 3607 384 3672 pro
407 3581 631 3649 sacerdotibus
654 3581 722 3646 illis
745 3580 1013 3647 inobedientibus
1035 3587 1106 3648 tam
1137 3583 1280 3670 urgens⁴
1309 3606 1383 3671 pre·

325 3709 400 3754 cum
417 3691 602 3751 vestrarum
616 3683 788 3749 instantia
828 3682 935 3749 Novit
951 3684 1074 3770 quippe
1090 3684 1244 3750 diseretio
1260 3691 1382 3763 vestra,

326 3789 494 3858 carissime
517 3787 576 3864 fili,
599 3786 679 3873 quia
713 3785 802 3853 sicut
835 3784 972 3852 humilis
1004 3792 1183 3872 paupertas
1216 3808 1383 3852 remuner-

325 3890 413 3956 anda
435 3893 494 3966 est,
516 3888 567 3954 ita
600 3887 742 3973 superba
764 3886 939 3973 punienda
987 3886 1106 3953 Clerici
1128 3909 1206 3953 vero
1229 3888 1279 3952 illi
1301 3909 1383 3974 pau·

326 4014 429 4080 peres,
452 3991 539 4058 sicut
560 3989 713 4067 scribitis,
729 4011 829 4076 quam
852 3989 1098 4068 contumaciter,
1114 4011 1212 4076 quam
1236 3990 1384 4076 superbe,

327 4094 554 4161 inobedientes
577 4093 769 4159 exstiterint
791 4098 826 4157 et
848 4092 1115 4179 repugnaverint,
1137 4091 1329 4173 attendatis,
1354 4093 1383 4157 si

364 4325 371 4357 ¹
388 4322 473 4385 Licel,
486 4323 517 4374 L·
913 4317 924 4349 ³
941 4332 993 4378 νων
1004 4316 1036 4377 0»
1048 4316 1082 4379 zi
1100 4334 1152 4379 ³⁰⁸2
1164 4319 1199 4382 vt
1210 4319 1240 4369 1¹·

362 4403 373 4437 ²
389 4401 549 4461 liberalitati,
558 4399 595 4461 V,
607 4399 644 4459 Z;
656 4394 831 4457 liberalitatis,
913 4394 923 4426 ⁴
941 4409 1042 4458 arpena,
1053 4395 1086 4457 0,
1098 4396 1134 4459 V,
1146 4398 1182 4457 Z;
1200 4398 1293 4462 ripere,
1305 4397 1339 4450 L.

330 4485 365 4536 L.

635 4688 645 4711 ¹
664 4680 712 4732 ste
723 4679 789 4744 Epp.
801 4683 860 4741 482,
871 4692 948 4744 seqq,
960 4679 1010 4728 and
1022 4680 1079 4730 700.
