3278 5662
254 797 320 847 ao.
339 780 450 868 1170]
693 796 871 845 srrsronn.
1241 780 1302 849 271

254 982 350 1057 rium,
388 1005 613 1071 oppressorum
654 985 774 1049 elamor
821 982 1005 1048 elementiae
1052 989 1172 1047 vestus
1210 1002 1305 1045 aures

253 1085 412 1170 attigerit,
447 1108 575 1153 necesse
609 1092 660 1151 est
694 1085 871 1150 subveniat
908 1084 1076 1149 miseratio
1115 1088 1233 1157 vostra,
1268 1089 1306 1146 ut

254 1187 384 1254 militiae
408 1195 527 1255 vestrte
550 1190 650 1254 annis
664 1188 799 1254 collidas
823 1209 902 1253 vasa
926 1187 1115 1273 iniquitatis
1136 1186 1304 1251 bellantia.

254 1288 309 1355 Sic
331 1291 419 1355 enim
443 1291 652 1377 congregatio
674 1289 857 1375 hypocriten
881 1289 1002 1353 sterilis
1025 1290 1097 1365 erit,
1121 1311 1196 1355 cum
1219 1289 1305 1373 ignis

254 1397 363 1455 vester
400 1393 609 1458 devoraverit
658 1390 871 1456 tabernacula
914 1413 1026 1455 eorum
1065 1391 1122 1475 qui
1169 1411 1306 1455 munera

253 1492 395 1559 libenter
417 1496 592 1581 accipiunt.
639 1494 704 1559 llla
734 1500 846 1558 tamen
878 1493 1079 1577 leprosorum
1103 1493 1206 1557 flabra
1228 1493 1307 1558 huic

254 1602 367 1661 sancto
399 1599 534 1662 inimica
568 1597 637 1683 igni
670 1618 799 1682 semper
831 1595 912 1659 mihi
937 1602 1088 1681 suspecta
1110 1602 1211 1675 sunt;
1244 1595 1306 1659 tibi

254 1698 364 1774 nune,l
388 1700 520 1763 domine
543 1700 597 1775 mi,
626 1699 748 1764 locutio
775 1698 854 1763 haec.
903 1697 952 1761 Ut
966 1705 1080 1762 autem
1104 1697 1306 1762 sublimitati

256 1806 373 1865 restrte
396 1823 463 1866 non
486 1806 556 1865 tam
578 1807 700 1866 temere
723 1821 822 1885 quam
853 1800 968 1863 timide
991 1800 1079 1884 quod
1102 1798 1307 1886 negotiatio-⁸

254 1904 426 1987 proliceret
458 1904 608 1989 eloquar:
640 1903 668 1967 si
700 1903 784 1967 forte
819 1900 903 1966 nos3
924 1902 1084 1967 viatorem
1117 1903 1306 1987 reperimus,

254 2004 390 2089 expedit
413 2011 451 2069 ut
474 2010 622 2069 restrum
654 2004 774 2088 aliquis
798 2025 962 2068 unacum
997 2003 1120 2067 nostris
1155 2005 1305 2068 remitta-

254 2113 330 2183 tur;
368 2107 515 2191 alioquin
553 2106 707 2191 profecto,
745 2106 809 2169 nisi
848 2104 897 2167 illi
937 2104 1158 2169 dominatores
1196 2107 1300 2169 nostri

255 2224 432 2272 vereantur
462 2210 579 2273 faeiem
612 2213 766 2284 vestram,
802 2228 954 2271 veremur
992 2227 1051 2270 nos
1099 2229 1141 2271 ne
1190 2209 1304 2273 absor-

254 2311 389 2373 beamur
420 2333 441 2373 a
475 2310 638 2389 dracone,¹1
669 2315 704 2373 et
737 2309 786 2372 illi
826 2308 975 2393 repleant
1018 2315 1169 2373 ventrem
1209 2332 1305 2373 suum

254 2413 294 2475 de
327 2412 559 2476 tomeritudine
592 2416 712 2475 nostra.
760 2410 807 2473 Ni
837 2410 941 2488 fallor,
965 2412 1028 2474 seit
1051 2418 1085 2475 et
1115 2434 1203 2477 nunc
1227 2414 1307 2497 quid

255 2515 361 2578 verbis
384 2514 585 2599 propheticis
611 2512 792 2599 significem
816 2512 993 2596 prudentia
1016 2519 1133 2577 vestra.
1174 2514 1307 2590 Verum,

254 2639 294 2679 ne
319 2616 506 2680 sanctitatis
538 2621 656 2680 vestrae
680 2614 831 2679 auditum
864 2613 1062 2698 insipientiae
1093 2637 1174 2680 rneae
1198 2617 1307 2680 verbis

255 2719 381 2782 diutins
416 2739 530 2792 morer,
554 2717 589 2781 id
620 2718 657 2780 in
688 2715 774 2780 calco
805 2717 962 2778 semeonis
991 2716 1120 2801 adjicio,
1144 2724 1304 2801 quantum

255 2822 360 2884 ‹unnis
384 2820 519 2885 eeclesia
550 2820 586 2882 in
617 2816 883 2882 miserationibus
906 2817 1039 2881 domino
1063 2816 1304 2897 Cantuariensi,

254 2943 344 2986 nune
375 2922 555 3007 praesertim
591 2920 626 2982 in
656 2918 718 2983 hac
752 2917 951 3002 profectione
975 2916 1109 2983 vestra⁵
1139 2920 1307 2999 exhibitis,

253 3029 399 3088 vestram
422 3044 521 3108 supra
544 3023 677 3087 medum
700 3020 871 3085 caritatem
895 3020 1104 3099 concelebret,
1128 3028 1163 3086 et
1194 3044 1307 3108 pacem

256 3126 351 3189 nobis
386 3147 485 3210 opera
518 3129 640 3198 vestra,
673 3121 809 3186 favente
848 3120 1001 3197 Domino,
1039 3123 1212 3200 redditam,
1250 3146 1305 3188 scu

256 3228 357 3292 etiam
376 3228 554 3313 justitiam,
578 3226 606 3289 si
630 3246 742 3310 pacem
766 3224 976 3308 praecesserit,
1000 3224 1035 3287 in
1058 3226 1307 3290 miserationum

256 3336 440 3393 vestrarum
474 3328 622 3413 catalogo
660 3327 760 3392 audio
794 3325 864 3410 jam
896 3331 930 3389 ct
967 3326 1095 3411 gaudeo
1133 3329 1307 3393 numerari.

257 3432 369 3495 Unum
393 3438 505 3495 autern
529 3437 580 3494 est
611 3429 699 3514 quod
722 3428 826 3493 celare
857 3448 923 3492 non
956 3449 1097 3514 possum,
1120 3428 1308 3515 falsiloquos
1320 3438 1396 3487 rum».

256 3533 415 3617 quosdam
446 3534 531 3617 regis
555 3531 737 3618 Anglorum
768 3530 913 3607 nuntios,
937 3536 1141 3596 revertentes
1165 3554 1186 3597 a
1208 3512 1420 3635 curiassssssfssss

254 3636 399 3699 ventosis
422 3634 530 3698 verbis
557 3638 662 3698 totam
699 3637 818 3696 terram
849 3631 1038 3716 implevisse
1050 3657 1058 3712 ;
1088 3634 1145 3718 qui
1177 3655 1307 3700 eausam

257 3746 376 3803 vestire
408 3737 622 3823 profectionis
654 3739 688 3799 et
720 3734 844 3817 negotii
875 3734 996 3798 intima
1027 3735 1211 3821 cuicunque
1242 3738 1307 3803 dis-

256 3840 465 3904 seminabant
503 3848 537 3903 et
583 3836 788 3902 auditoribus
827 3834 926 3900 etiam
966 3836 1146 3902 sibilabant
1184 3838 1308 3903 invitis.

256 3940 416 4007 Ricardus
440 3947 551 4006 autem
575 3940 677 4003 Barre
694 3944 765 4003 erat
788 3937 939 4022 princeps
963 3938 1154 4023 prophetiae.
1193 3939 1309 4004 Unum

255 4045 332 4119 seio,
355 4043 442 4128 quod
476 4043 517 4107 iis
540 4043 566 4106 si
592 4039 730 4107 consilia
765 4044 877 4105 vestra
907 4038 1101 4117 credidistis,
1125 4041 1309 4125 proditores

255 4151 356 4223 sunt;
389 4146 418 4209 si
449 4166 527 4209 vero
561 4165 629 4208 non
659 4141 858 4220 credidistis,
888 4142 1069 4207 mendaces.
1116 4142 1306 4208 Vestrorum

255 4251 368 4311 tamen
403 4244 565 4321 nonnulli,
597 4245 640 4310 ed
673 4236 872 4310 eredendum
909 4243 1057 4320 leviores,
1090 4244 1132 4307 ad
1170 4250 1308 4310 ventum

291 4524 297 4555 ¹
314 4530 418 4572 cernunt
432 4523 485 4583 (lor
498 4522 545 4571 libi
557 4522 646 4581 vertrae),
659 4519 691 4571 G.
848 4522 854 4551 ¹
872 4520 998 4569 mirumne
1011 4522 1064 4584 <for
1076 4538 1092 4571 u
1106 4526 1239 4585 drocone),
1250 4526 1281 4577 G.

289 4602 299 4633 ²
317 4604 422 4663 nepotis,
434 4602 465 4652 G.
842 4600 853 4627 ’ἲ
871 4606 965 4658 trustra,
977 4600 1009 4651 G.

291 4681 301 4709 ³
318 4686 380 4727 ros?
