3278 5662
372 765 413 826 42
807 777 987 826 nulsione.
1222 761 1303 847 [ab.
1323 766 1419 830 1169.

368 963 515 1028 creditur
548 963 718 1028 insanire?
764 964 889 1049 Utique
923 967 1066 1029 nonest
1095 961 1151 1028 hic
1173 961 1273 1039 honio
1296 986 1316 1028 a
1339 962 1409 1028 Deo

369 1065 426 1148 qui
461 1065 682 1130 obedientiam
708 1087 775 1131 non
807 1065 962 1142 custodit,
985 1065 1043 1151 qui
1078 1064 1177 1130 fidem
1210 1065 1326 1141 nescit,
1361 1066 1418 1150 qui

369 1166 554 1231 schismatis
580 1174 695 1233 auctor
717 1174 819 1233 estet
840 1169 999 1233 incentor.
1050 1167 1182 1233 Placeat
1206 1167 1319 1253 itaque
1351 1190 1420 1232 nra-

367 1267 481 1351 jcstati
524 1277 651 1347 vestrm,
690 1271 803 1355 (quam
843 1272 878 1335 in
917 1270 1017 1356 longa
1055 1275 1206 1356 tempora
1247 1274 1420 1336 conservet

368 1368 459 1434 Deus
470 1371 491 1451 t)
507 1370 640 1435 domino
663 1370 896 1437 Cantuaricnsi
912 1372 1026 1457 (quom
1049 1375 1181 1436 constat
1195 1392 1255 1456 pro
1273 1369 1419 1455 justitia,

369 1494 428 1556 pro
462 1471 615 1539 libertate
654 1473 805 1551 ecclcsiae,
840 1497 900 1561 pro
934 1474 1067 1538 tuendis
1101 1473 1292 1558 apostoliea
1331 1473 1418 1539 sedis

368 1574 559 1661 privilegiis,
589 1575 660 1661 jam
684 1577 896 1662 quinquenne
931 1575 1085 1639 exsilium
1120 1575 1253 1640 fortiter
1283 1580 1318 1640 et
1350 1575 1418 1639 ala·

368 1677 467 1740 criter
489 1677 666 1759 sustinere)
689 1699 784 1763 opem
812 1677 905 1751 ferre,
930 1682 965 1741 et
989 1681 1060 1741 tam
1082 1676 1258 1762 praefatum
1290 1675 1418 1741 londo

367 1778 514 1843 niensem
546 1799 646 1863 quam
684 1771 766 1843 alios
802 1778 945 1843 ecclesiae
977 1776 1213 1854 malefactum,
1247 1797 1339 1862 quos,
1380 1783 1418 1842 ut

366 1884 562 1959 meruerant,
587 1879 691 1944 scrius
720 1886 845 1958 tamen,
868 1877 1079 1944 anathemate
1109 1877 1257 1965 perculit,
1280 1877 1415 1944 allidcrc

366 1987 400 2046 et
424 1989 590 2048 conterere
621 1982 663 2046 ad
696 1981 911 2067 apostolicam
935 1985 1070 2068 petram,
1097 1980 1199 2066 juxta
1229 2000 1328 2065 quam
1358 1981 1416 2046 ab·

366 2085 469 2170 corpti
501 2089 580 2148 sunt
602 2089 758 2149 auctores
792 2105 913 2148 eorum.
959 2082 1118 2168 Alioquin
1148 2081 1332 2147 timendum
1357 2089 1416 2158 est,

365 2186 455 2251 nesi
481 2187 583 2271 (quod
606 2186 709 2267 absit)
727 2190 860 2250 tantum
884 2184 988 2250 scelus
1012 2190 1181 2250 remaneat
1204 2184 1415 2269 impunitum,

364 2289 462 2354 citius
486 2287 542 2352 et¹
578 2288 769 2374 Anglicanae
794 2293 828 2353 et
851 2286 1030 2352 Gallicanae
1061 2286 1204 2352 ccclesiae
1226 2286 1417 2371 perniciem,

366 2399 399 2455 et
422 2389 591 2476 religionis
614 2391 753 2466 ruinam,
776 2395 937 2476 operetur.

703 2629 1072 2637 --——-·-

807 2790 977 2856 DXLVII.

408 2949 627 3012 Aunxsunno
643 2961 738 3010 niun
763 2943 975 3010 Wnnnnucs
998 2941 1218 3008 Snuounums
1243 2958 1365 3021 Ascur-

774 3061 963 3110 EPISOOPUS.

481 3200 528 3257 (Α.
541 3201 606 3255 203ς
626 3201 657 3246 0.
670 3195 696 3243 ii.
709 3200 774 3251 ‘3093
793 3194 822 3242 Ζ.
834 3191 869 3242 iii.
883 3196 930 3253 86;
948 3193 1012 3256 Lup.
1026 3191 1061 3241 iii.
1071 3198 1118 3252 88;
1136 3192 1226 3242 'l'hom.
1239 3195 1310 3249 aut.)

194 3361 305 3428 Agnou
407 3328 573 3395 Scelerum
597 3332 703 3390 mater
725 3323 917 3409 impunitas,
940 3320 1094 3388 foecunda
1124 3322 1327 3400 criminibus
1350 3325 1411 3390 uci-

195 3426 339 3493 thebishop
361 3433 412 3496 dit
434 3429 627 3516 Anglicanae
660 3426 804 3491 ecclesiae
826 3425 1004 3502 unitatem,
1026 3432 1060 3489 et
1084 3423 1288 3490 Gallicanam
1319 3447 1410 3490 arna·

194 3494 346 3545 ⁰fl¹⁰⁰d⁰⁰'
360 3534 489 3598 rissimo
526 3529 669 3616 replevit
706 3526 868 3593 scandalo.
931 3526 1114 3590 Tantorum
1152 3531 1262 3611 caput,
1301 3547 1410 3602 causa,

359 3635 527 3721 fomesque
551 3631 712 3696 malorum
732 3634 783 3694 est
805 3629 976 3715 episcopus
1001 3625 1057 3690 ille
1081 3626 1328 3704 Londoniensis,
1344 3628 1410 3714 qni,

359 3760 448 3803 nunc
471 3737 606 3802 tandem
630 3734 670 3798 de
701 3734 841 3798 dracone
864 3751 1041 3796 conversus
1066 3729 1101 3792 in
1132 3729 1269 3807 leonem,
1294 3730 1410 3814 nequi-

360 3841 451 3918 tiam,
478 3860 578 3924 quam
600 3837 643 3902 ab
666 3835 847 3900 ambitione
870 3836 1071 3917 conceperat,
1094 3836 1247 3917 patenter
1270 3839 1409 3909 exercet,

360 3965 402 4008 ex
436 3964 501 4027 quo
548 3938 666 4024 (culpis
704 3935 924 4022 exigentibus,
960 3955 1032 3998 sero
1071 3934 1197 4015 tamen)
1251 3932 1408 3998 Sathanae

360 4045 504 4110 trmlitus
539 4048 589 4107 eat
619 4041 655 4104 in
687 4039 859 4103 interitum
890 4035 1004 4101 carnis.
1053 4034 1138 4100 (lum
1170 4035 1259 4098 enim
1291 4041 1409 4100 auctor

358 4147 543 4214 schismatis
574 4143 674 4208 suerit
696 4146 729 4207 ct
762 4141 920 4218 incentor,
944 4144 978 4202 et
1000 4137 1036 4201 in
1070 4137 1200 4202 insidiis
1236 4143 1349 4223 ageret
1371 4143 1409 4201 ut

357 4248 573 4335 proscriberet
595 4251 630 4311 ct
652 4244 813 4310 occideret
835 4241 1035 4317 innocentes,
1059 4261 1148 4304 nunc
1171 4238 1279 4323 palam
1303 4238 1408 4325 loqui·

357 4358 420 4427 tur,
444 4357 478 4413 ct
513 4346 722 4433 proverbium
759 4343 887 4408 nullum
922 4340 1012 4417 dicit,
1044 4340 1101 4405 sed
1133 4344 1272 4404 ruatrcm
1304 4361 1407 4421 suam,

359 4451 630 4520 Cantuarienscm
669 4444 847 4522 ecclesiam,
886 4442 939 4510 cui
972 4443 1013 4507 ad
1053 4441 1276 4506 obedientiam
1315 4441 1406 4506 exhi·

1114 4588 1371 4600 m*-
1381 4593 1406 4598 ..-

360 4606 490 4618 „mm-..-

803 4675 811 4706 ¹
831 4681 863 4737 ct,
875 4690 924 4725 om.
937 4674 964 4722 Z.
