<?xml version="1.0" encoding="UTF-8"?>
<!DOCTYPE html PUBLIC "-//W3C//DTD XHTML 1.0 Transitional//EN"
    "http://www.w3.org/TR/xhtml1/DTD/xhtml1-transitional.dtd">
<html xmlns="http://www.w3.org/1999/xhtml" xml:lang="en" lang="en">
 <head>
  <title>
</title>
<meta http-equiv="Content-Type" content="text/html;charset=utf-8" />
  <meta name='ocr-system' content='tesseract 3.04.00' />
  <meta name='ocr-capabilities' content='ocr_page ocr_carea ocr_par ocr_line ocrx_word'/>
</head>
<body>
  <div class='ocr_page' id='page_1' title='image "./materialsforhis00robegoog/materialsforhis00robegoog_0228.png"; bbox 0 0 3278 5662; ppageno 0'>
   <div class='ocr_carea' id='block_1_1' title="bbox 306 784 1363 876">
    <p class='ocr_par' dir='ltr' id='par_1_1' title="bbox 306 784 1363 876">
     <span class='ocr_line' id='line_1_1' title="bbox 306 784 1363 876; baseline -0.012 -15"><span class='ocrx_word' id='word_1_1' title='bbox 306 810 373 861; x_wconf 70' lang='lat' dir='ltr'>nn.</span> <span class='ocrx_word' id='word_1_2' title='bbox 391 792 502 876; x_wconf 86' lang='lat'>1170.]</span> <span class='ocrx_word' id='word_1_3' title='bbox 747 800 928 853; x_wconf 79' lang='lat' dir='ltr'>nersroma.</span> <span class='ocrx_word' id='word_1_4' title='bbox 1298 784 1363 850; x_wconf 78' lang='lat'>203</span> 
     </span>
    </p>
   </div>
   <div class='ocr_carea' id='block_1_2' title="bbox 310 987 1368 1897">
    <p class='ocr_par' dir='ltr' id='par_1_2' title="bbox 310 987 1368 1897">
     <span class='ocr_line' id='line_1_2' title="bbox 310 987 1365 1070; baseline -0.011 -4"><span class='ocrx_word' id='word_1_5' title='bbox 310 996 532 1066; x_wconf 81' lang='lat' dir='ltr'>constantiam</span> <span class='ocrx_word' id='word_1_6' title='bbox 562 994 723 1070; x_wconf 86' lang='lat' dir='ltr'>inveniat,</span> <span class='ocrx_word' id='word_1_7' title='bbox 757 998 792 1058; x_wconf 87' lang='lat' dir='ltr'>et</span> <span class='ocrx_word' id='word_1_8' title='bbox 823 995 857 1057; x_wconf 89' lang='lat' dir='ltr'>te</span> <span class='ocrx_word' id='word_1_9' title='bbox 880 990 990 1055; x_wconf 90' lang='lat' dir='ltr'>Deum</span> <span class='ocrx_word' id='word_1_10' title='bbox 1013 996 1047 1055; x_wconf 87' lang='lat' dir='ltr'>et</span> <span class='ocrx_word' id='word_1_11' title='bbox 1069 987 1167 1056; x_wconf 87' lang='lat' dir='ltr'>officii</span> <span class='ocrx_word' id='word_1_12' title='bbox 1189 989 1241 1054; x_wconf 90' lang='lat' dir='ltr'>tui</span> <span class='ocrx_word' id='word_1_13' title='bbox 1273 990 1365 1055; x_wconf 89' lang='lat' dir='ltr'>debi-</span> 
     </span>
     <span class='ocr_line' id='line_1_3' title="bbox 310 1091 1365 1183; baseline -0.009 -18"><span class='ocrx_word' id='word_1_14' title='bbox 310 1105 383 1165; x_wconf 88' lang='lat' dir='ltr'>tum</span> <span class='ocrx_word' id='word_1_15' title='bbox 414 1098 521 1183; x_wconf 82' lang='lat' dir='ltr'>magis</span> <span class='ocrx_word' id='word_1_16' title='bbox 554 1116 654 1183; x_wconf 88' lang='lat' dir='ltr'>quam</span> <span class='ocrx_word' id='word_1_17' title='bbox 687 1095 857 1160; x_wconf 91' lang='lat' dir='ltr'>hominem</span> <span class='ocrx_word' id='word_1_18' title='bbox 890 1092 1033 1159; x_wconf 84' lang='lat' dir='ltr'>revereri</span> <span class='ocrx_word' id='word_1_19' title='bbox 1067 1095 1248 1178; x_wconf 83' lang='lat' dir='ltr'>cognoscat.</span> <span class='ocrx_word' id='word_1_20' title='bbox 1293 1091 1365 1157; x_wconf 89' lang='lat' dir='ltr'>Nos</span> 
     </span>
     <span class='ocr_line' id='line_1_4' title="bbox 311 1190 1365 1287; baseline -0.009 -22"><span class='ocrx_word' id='word_1_21' title='bbox 311 1220 451 1287; x_wconf 91' lang='lat' dir='ltr'>quoque,</span> <span class='ocrx_word' id='word_1_22' title='bbox 483 1218 541 1284; x_wconf 90' lang='lat' dir='ltr'>spe</span> <span class='ocrx_word' id='word_1_23' title='bbox 573 1196 632 1262; x_wconf 91' lang='lat' dir='ltr'>illa</span> <span class='ocrx_word' id='word_1_24' title='bbox 668 1215 769 1281; x_wconf 91' lang='lat' dir='ltr'>quam</span> <span class='ocrx_word' id='word_1_25' title='bbox 804 1195 846 1259; x_wconf 88' lang='lat' dir='ltr'>dc</span> <span class='ocrx_word' id='word_1_26' title='bbox 881 1199 941 1258; x_wconf 91' lang='lat' dir='ltr'>tua</span> <span class='ocrx_word' id='word_1_27' title='bbox 973 1213 1114 1278; x_wconf 88' lang='lat' dir='ltr'>persona</span> <span class='ocrx_word' id='word_1_28' title='bbox 1139 1190 1365 1278; x_wconf 88' lang='lat' dir='ltr'>jampridem</span> 
     </span>
     <span class='ocr_line' id='line_1_5' title="bbox 311 1292 1364 1387; baseline -0.01 -18"><span class='ocrx_word' id='word_1_29' title='bbox 311 1301 523 1387; x_wconf 68' lang='lat' dir='ltr'>concepimus</span> <span class='ocrx_word' id='word_1_30' title='bbox 546 1302 580 1364; x_wconf 91' lang='lat' dir='ltr'>et</span> <span class='ocrx_word' id='word_1_31' title='bbox 604 1298 725 1384; x_wconf 74' lang='lat' dir='ltr'>saepius</span> <span class='ocrx_word' id='word_1_32' title='bbox 752 1296 883 1382; x_wconf 83' lang='lat' dir='ltr'>experti</span> <span class='ocrx_word' id='word_1_33' title='bbox 906 1314 1020 1359; x_wconf 89' lang='lat' dir='ltr'>sumus</span> <span class='ocrx_word' id='word_1_34' title='bbox 1050 1313 1258 1379; x_wconf 82' lang='lat' dir='ltr'><strong>nequaquam</strong></span> <span class='ocrx_word' id='word_1_35' title='bbox 1281 1292 1364 1358; x_wconf 85' lang='lat' dir='ltr'>frus·</span> 
     </span>
     <span class='ocr_line' id='line_1_6' title="bbox 313 1393 1366 1485; baseline -0.01 -17"><span class='ocrx_word' id='word_1_36' title='bbox 313 1408 440 1468; x_wconf 91' lang='lat' dir='ltr'>tremur</span> <span class='ocrx_word' id='word_1_37' title='bbox 452 1424 460 1482; x_wconf 84' lang='lat'><em>3</em></span> <span class='ocrx_word' id='word_1_38' title='bbox 497 1421 560 1467; x_wconf 90' lang='lat' dir='ltr'>nec</span> <span class='ocrx_word' id='word_1_39' title='bbox 583 1403 617 1465; x_wconf 88' lang='lat' dir='ltr'>te</span> <span class='ocrx_word' id='word_1_40' title='bbox 655 1398 699 1463; x_wconf 91' lang='lat' dir='ltr'>ad</span> <span class='ocrx_word' id='word_1_41' title='bbox 737 1396 923 1485; x_wconf 74' lang='lat' dir='ltr'>praescripti</span> <span class='ocrx_word' id='word_1_42' title='bbox 955 1395 1081 1481; x_wconf 82' lang='lat' dir='ltr'>negotii</span> <span class='ocrx_word' id='word_1_43' title='bbox 1114 1393 1366 1472; x_wconf 78' lang='lat' dir='ltr'>exsecutionem,</span> 
     </span>
     <span class='ocr_line' id='line_1_7' title="bbox 312 1497 1366 1592; baseline -0.009 -20"><span class='ocrx_word' id='word_1_44' title='bbox 312 1527 381 1592; x_wconf 80' lang='lat' dir='ltr'>prae</span> <span class='ocrx_word' id='word_1_45' title='bbox 404 1504 533 1572; x_wconf 80' lang='lat' dir='ltr'>coeteris</span> <span class='ocrx_word' id='word_1_46' title='bbox 555 1500 704 1588; x_wconf 87' lang='lat' dir='ltr'>personis</span> <span class='ocrx_word' id='word_1_47' title='bbox 728 1521 801 1586; x_wconf 92' lang='lat' dir='ltr'>quae</span> <span class='ocrx_word' id='word_1_48' title='bbox 825 1501 861 1565; x_wconf 90' lang='lat' dir='ltr'>in</span> <span class='ocrx_word' id='word_1_49' title='bbox 883 1508 973 1565; x_wconf 86' lang='lat' dir='ltr'>terra</span> <span class='ocrx_word' id='word_1_50' title='bbox 995 1497 1167 1563; x_wconf 90' lang='lat' dir='ltr'>memorati</span> <span class='ocrx_word' id='word_1_51' title='bbox 1189 1497 1275 1583; x_wconf 79' lang='lat' dir='ltr'>regis</span> <span class='ocrx_word' id='word_1_52' title='bbox 1296 1518 1366 1562; x_wconf 85' lang='lat' dir='ltr'>esse</span> 
     </span>
     <span class='ocr_line' id='line_1_8' title="bbox 311 1596 1367 1691; baseline -0.011 -18"><span class='ocrx_word' id='word_1_53' title='bbox 311 1611 506 1683; x_wconf 87' lang='lat' dir='ltr'>noscuntur,</span> <span class='ocrx_word' id='word_1_54' title='bbox 529 1603 717 1691; x_wconf 76' lang='lat' dir='ltr'><strong>specialiter</strong></span> <span class='ocrx_word' id='word_1_55' title='bbox 741 1601 875 1687; x_wconf 77' lang='lat' dir='ltr'>elegisse</span> <span class='ocrx_word' id='word_1_56' title='bbox 909 1600 1088 1665; x_wconf 81' lang='lat' dir='ltr'>debeamus</span> <span class='ocrx_word' id='word_1_57' title='bbox 1109 1596 1227 1663; x_wconf 90' lang='lat' dir='ltr'>merito</span> <span class='ocrx_word' id='word_1_58' title='bbox 1259 1597 1367 1684; x_wconf 87' lang='lat' dir='ltr'>poeni-</span> 
     </span>
     <span class='ocr_line' id='line_1_9' title="bbox 314 1698 1368 1791; baseline -0.013 -15"><span class='ocrx_word' id='word_1_59' title='bbox 314 1714 393 1788; x_wconf 85' lang='lat' dir='ltr'>tere,</span> <span class='ocrx_word' id='word_1_60' title='bbox 416 1709 474 1775; x_wconf 93' lang='lat' dir='ltr'>sed</span> <span class='ocrx_word' id='word_1_61' title='bbox 497 1712 593 1772; x_wconf 88' lang='lat' dir='ltr'>tuam</span> <span class='ocrx_word' id='word_1_62' title='bbox 615 1703 731 1791; x_wconf 89' lang='lat' dir='ltr'>potius</span> <span class='ocrx_word' id='word_1_63' title='bbox 753 1723 852 1788; x_wconf 91' lang='lat' dir='ltr'>super</span> <span class='ocrx_word' id='word_1_64' title='bbox 874 1701 937 1770; x_wconf 92' lang='lat' dir='ltr'>hoo</span> <span class='ocrx_word' id='word_1_65' title='bbox 959 1699 1213 1767; x_wconf 87' lang='lat' dir='ltr'>sollicitudinem</span> <span class='ocrx_word' id='word_1_66' title='bbox 1236 1702 1271 1764; x_wconf 89' lang='lat' dir='ltr'>et</span> <span class='ocrx_word' id='word_1_67' title='bbox 1292 1698 1368 1763; x_wconf 88' lang='lat' dir='ltr'>dili-</span> 
     </span>
     <span class='ocr_line' id='line_1_10' title="bbox 312 1801 1166 1897; baseline -0.012 -19"><span class='ocrx_word' id='word_1_68' title='bbox 312 1811 459 1897; x_wconf 80' lang='lat' dir='ltr'>gentiam</span> <span class='ocrx_word' id='word_1_69' title='bbox 481 1815 656 1876; x_wconf 73' lang='lat' dir='ltr'>teneamur</span> <span class='ocrx_word' id='word_1_70' title='bbox 678 1804 909 1890; x_wconf 89' lang='lat' dir='ltr'>multiplioiter</span> <span class='ocrx_word' id='word_1_71' title='bbox 931 1801 1166 1871; x_wconf 84' lang='lat' dir='ltr'>commendare.</span> 
     </span>
    </p>
   </div>
   <div class='ocr_carea' id='block_1_3' title="bbox 757 2240 924 2307">
    <p class='ocr_par' dir='ltr' id='par_1_3' title="bbox 757 2240 924 2307">
     <span class='ocr_line' id='line_1_11' title="bbox 757 2240 924 2307; baseline 0.006 -1"><span class='ocrx_word' id='word_1_72' title='bbox 757 2240 924 2307; x_wconf 82' lang='lat' dir='ltr'>DOXXV.</span> 
     </span>
    </p>
   </div>
   <div class='ocr_carea' id='block_1_4' title="bbox 310 2389 1346 2486">
    <p class='ocr_par' dir='ltr' id='par_1_4' title="bbox 310 2389 1346 2486">
     <span class='ocr_line' id='line_1_12' title="bbox 310 2389 1346 2486; baseline 0.002 -30"><span class='ocrx_word' id='word_1_73' title='bbox 310 2470 314 2478; x_wconf 25' lang='grc' dir='ltr'>Ι</span> <span class='ocrx_word' id='word_1_74' title='bbox 354 2389 577 2456; x_wconf 65' lang='lat' dir='ltr'>Amissum</span> <span class='ocrx_word' id='word_1_75' title='bbox 600 2389 694 2455; x_wconf 75' lang='lat' dir='ltr'>Prrs</span> <span class='ocrx_word' id='word_1_76' title='bbox 717 2390 910 2456; x_wconf 72' lang='lat' dir='ltr'>Bnnusuno</span> <span class='ocrx_word' id='word_1_77' title='bbox 934 2389 1156 2486; x_wconf 74' lang='lat' dir='ltr'>ernuunuu</span> <span class='ocrx_word' id='word_1_78' title='bbox 1179 2406 1346 2458; x_wconf 72' lang='lat' dir='ltr'>mucore</span> 
     </span>
    </p>
   </div>
   <div class='ocr_carea' id='block_1_5' title="bbox 467 2543 1210 2608">
    <p class='ocr_par' dir='ltr' id='par_1_5' title="bbox 467 2543 1210 2608">
     <span class='ocr_line' id='line_1_13' title="bbox 467 2543 1210 2608; baseline 0.001 -14"><span class='ocrx_word' id='word_1_79' title='bbox 467 2544 515 2607; x_wconf 79' lang='lat' dir='ltr'>(A.</span> <span class='ocrx_word' id='word_1_80' title='bbox 527 2546 575 2607; x_wconf 72' lang='lat'>⁴73</span> <span class='ocrx_word' id='word_1_81' title='bbox 593 2544 625 2595; x_wconf 93' lang='grc' dir='ltr'>Ο.</span> <span class='ocrx_word' id='word_1_82' title='bbox 636 2543 663 2594; x_wconf 85' lang='lat' dir='ltr'>ii.</span> <span class='ocrx_word' id='word_1_83' title='bbox 675 2547 705 2594; x_wconf 76' lang='lat'>41</span> <span class='ocrx_word' id='word_1_84' title='bbox 717 2565 723 2603; x_wconf 70' lang='grc' dir='ltr'><strong>ς</strong></span> <span class='ocrx_word' id='word_1_85' title='bbox 744 2546 772 2595; x_wconf 91' lang='grc' dir='ltr'>Ζ.</span> <span class='ocrx_word' id='word_1_86' title='bbox 784 2560 809 2594; x_wconf 84' lang='lat' dir='ltr'>v.</span> <span class='ocrx_word' id='word_1_87' title='bbox 824 2549 856 2606; x_wconf 78' lang='lat'>⁶3</span> <span class='ocrx_word' id='word_1_88' title='bbox 874 2545 938 2608; x_wconf 91' lang='lat' dir='ltr'>an.</span> <span class='ocrx_word' id='word_1_89' title='bbox 951 2559 974 2594; x_wconf 84' lang='lat' dir='ltr'>v.</span> <span class='ocrx_word' id='word_1_90' title='bbox 988 2550 1020 2605; x_wconf 76' lang='lat'>63</span> <span class='ocrx_word' id='word_1_91' title='bbox 1038 2544 1127 2595; x_wconf 86' lang='lat' dir='ltr'>Thom.</span> <span class='ocrx_word' id='word_1_92' title='bbox 1139 2546 1210 2606; x_wconf 79' lang='lat'><strong>287.)</strong></span> 
     </span>
    </p>
   </div>
   <div class='ocr_carea' id='block_1_6' title="bbox 317 2672 1527 4286">
    <p class='ocr_par' dir='ltr' id='par_1_6' title="bbox 317 2672 1527 4286">
     <span class='ocr_line' id='line_1_14' title="bbox 363 2672 1501 2760; baseline -0.002 -22"><span class='ocrx_word' id='word_1_93' title='bbox 363 2674 529 2757; x_wconf 79' lang='lat' dir='ltr'>Quoniam</span> <span class='ocrx_word' id='word_1_94' title='bbox 552 2674 594 2738; x_wconf 89' lang='lat' dir='ltr'>de</span> <span class='ocrx_word' id='word_1_95' title='bbox 625 2672 828 2760; x_wconf 89' lang='lat' dir='ltr'>prudentia,¹</span> <span class='ocrx_word' id='word_1_96' title='bbox 851 2679 886 2738; x_wconf 91' lang='lat' dir='ltr'>et</span> <span class='ocrx_word' id='word_1_97' title='bbox 916 2672 1096 2751; x_wconf 88' lang='lat' dir='ltr'>honestate,</span> <span class='ocrx_word' id='word_1_98' title='bbox 1120 2679 1155 2738; x_wconf 90' lang='lat' dir='ltr'>et</span> <span class='ocrx_word' id='word_1_99' title='bbox 1187 2675 1373 2740; x_wconf 90' lang='lat' dir='ltr'>constantia</span> <span class='ocrx_word' id='word_1_100' title='bbox 1386 2699 1501 2752; x_wconf 79' lang='lat' dir='ltr'>0nBer-</span> 
     </span>
     <span class='ocr_line' id='line_1_15' title="bbox 320 2765 1527 2882; baseline -0.001 -40"><span class='ocrx_word' id='word_1_101' title='bbox 320 2781 380 2842; x_wconf 87' lang='lat' dir='ltr'>tua</span> <span class='ocrx_word' id='word_1_102' title='bbox 402 2775 558 2842; x_wconf 88' lang='lat' dir='ltr'>fiduciam</span> <span class='ocrx_word' id='word_1_103' title='bbox 583 2774 714 2861; x_wconf 91' lang='lat' dir='ltr'>plenam</span> <span class='ocrx_word' id='word_1_104' title='bbox 738 2775 956 2860; x_wconf 79' lang='lat' dir='ltr'>concepimus,</span> <span class='ocrx_word' id='word_1_105' title='bbox 979 2779 1013 2840; x_wconf 91' lang='lat' dir='ltr'>et</span> <span class='ocrx_word' id='word_1_106' title='bbox 1043 2780 1169 2841; x_wconf 88' lang='lat' dir='ltr'>certum</span> <span class='ocrx_word' id='word_1_107' title='bbox 1200 2797 1298 2862; x_wconf 89' lang='lat' dir='ltr'>super</span> <span class='ocrx_word' id='word_1_108' title='bbox 1319 2776 1372 2841; x_wconf 89' lang='lat' dir='ltr'>his</span> <span class='ocrx_word' id='word_1_109' title='bbox 1384 2765 1527 2882; x_wconf 42' lang='lat' dir='ltr'>mm&amp;</span> 
     </span>
     <span class='ocr_line' id='line_1_16' title="bbox 317 2847 1493 2963; baseline 0.003 -21"><span class='ocrx_word' id='word_1_110' title='bbox 317 2879 353 2942; x_wconf 92' lang='lat' dir='ltr'>in</span> <span class='ocrx_word' id='word_1_111' title='bbox 388 2877 503 2941; x_wconf 88' lang='lat' dir='ltr'>multis</span> <span class='ocrx_word' id='word_1_112' title='bbox 537 2877 805 2963; x_wconf 79' lang='lat' dir='ltr'>experimentum</span> <span class='ocrx_word' id='word_1_113' title='bbox 827 2877 1012 2954; x_wconf 88' lang='lat' dir='ltr'>habuimus,</span> <span class='ocrx_word' id='word_1_114' title='bbox 1036 2882 1078 2955; x_wconf 90' lang='lat' dir='ltr'>te,</span> <span class='ocrx_word' id='word_1_115' title='bbox 1102 2878 1139 2941; x_wconf 93' lang='lat' dir='ltr'>in</span> <span class='ocrx_word' id='word_1_116' title='bbox 1165 2847 1493 2948; x_wconf 56' lang='lat' dir='ltr'>exsecutionedl‘eom-</span> 
     </span>
     <span class='ocr_line' id='line_1_17' title="bbox 317 2962 1526 3066; baseline 0 -21"><span class='ocrx_word' id='word_1_117' title='bbox 317 2979 408 3066; x_wconf 86' lang='lat' dir='ltr'>pacis</span> <span class='ocrx_word' id='word_1_118' title='bbox 437 2978 638 3044; x_wconf 88' lang='lat' dir='ltr'>venerabilis</span> <span class='ocrx_word' id='word_1_119' title='bbox 672 2979 785 3045; x_wconf 84' lang='lat' dir='ltr'>fratris</span> <span class='ocrx_word' id='word_1_120' title='bbox 818 2980 924 3043; x_wconf 87' lang='lat' dir='ltr'>nostri</span> <span class='ocrx_word' id='word_1_121' title='bbox 957 2978 1091 3044; x_wconf 85' lang='lat' dir='ltr'>Thomae</span> <span class='ocrx_word' id='word_1_122' title='bbox 1126 2979 1373 3045; x_wconf 71' lang='lat' dir='ltr'>cantuariensis</span> <span class='ocrx_word' id='word_1_123' title='bbox 1384 2962 1526 3016; x_wconf 53' lang='lat' dir='ltr'>mmm</span> 
     </span>
     <span class='ocr_line' id='line_1_18' title="bbox 325 3079 1374 3168; baseline 0 -22"><span class='ocrx_word' id='word_1_124' title='bbox 325 3079 574 3166; x_wconf 62' lang='lat' dir='ltr'>archiepiscopi,</span> <span class='ocrx_word' id='word_1_125' title='bbox 597 3080 832 3168; x_wconf 82' lang='lat' dir='ltr'>Rotomagensi</span> <span class='ocrx_word' id='word_1_126' title='bbox 866 3079 1109 3167; x_wconf 89' lang='lat' dir='ltr'>archiepiscopo</span> <span class='ocrx_word' id='word_1_127' title='bbox 1138 3081 1296 3146; x_wconf 80' lang='lat' dir='ltr'>duximus</span> <span class='ocrx_word' id='word_1_128' title='bbox 1316 3082 1374 3147; x_wconf 89' lang='lat' dir='ltr'>ad·</span> 
     </span>
     <span class='ocr_line' id='line_1_19' title="bbox 321 3180 1372 3268; baseline 0.002 -23"><span class='ocrx_word' id='word_1_129' title='bbox 321 3181 553 3268; x_wconf 81' lang='lat' dir='ltr'>jungendum3</span> <span class='ocrx_word' id='word_1_130' title='bbox 576 3181 673 3247; x_wconf 91' lang='lat' dir='ltr'>illum</span> <span class='ocrx_word' id='word_1_131' title='bbox 697 3188 817 3260; x_wconf 85' lang='lat' dir='ltr'>autem,</span> <span class='ocrx_word' id='word_1_132' title='bbox 842 3180 954 3267; x_wconf 81' lang='lat' dir='ltr'>quod²</span> <span class='ocrx_word' id='word_1_133' title='bbox 976 3182 1016 3247; x_wconf 90' lang='lat' dir='ltr'>de</span> <span class='ocrx_word' id='word_1_134' title='bbox 1039 3187 1128 3247; x_wconf 77' lang='lat' dir='ltr'>terra</span> <span class='ocrx_word' id='word_1_135' title='bbox 1149 3182 1287 3247; x_wconf 88' lang='lat' dir='ltr'>illustris</span> <span class='ocrx_word' id='word_1_136' title='bbox 1303 3182 1372 3247; x_wconf 85' lang='lat' dir='ltr'>An·</span> 
     </span>
     <span class='ocr_line' id='line_1_20' title="bbox 320 3280 1373 3370; baseline 0.001 -24"><span class='ocrx_word' id='word_1_137' title='bbox 320 3282 449 3370; x_wconf 81' lang='lat' dir='ltr'>glorum</span> <span class='ocrx_word' id='word_1_138' title='bbox 471 3283 558 3368; x_wconf 87' lang='lat' dir='ltr'>regis</span> <span class='ocrx_word' id='word_1_139' title='bbox 581 3280 673 3348; x_wconf 81' lang='lat' dir='ltr'>esse³</span> <span class='ocrx_word' id='word_1_140' title='bbox 695 3282 908 3370; x_wconf 81' lang='lat' dir='ltr'>dignoscitur,</span> <span class='ocrx_word' id='word_1_141' title='bbox 931 3286 1155 3349; x_wconf 86' lang='lat' dir='ltr'>exsecutorem</span> <span class='ocrx_word' id='word_1_142' title='bbox 1175 3303 1243 3347; x_wconf 91' lang='lat' dir='ltr'>una</span> <span class='ocrx_word' id='word_1_143' title='bbox 1264 3288 1373 3350; x_wconf 88' lang='lat' dir='ltr'>tecum</span> 
     </span>
     <span class='ocr_line' id='line_1_21' title="bbox 325 3385 1375 3471; baseline -0.001 -19"><span class='ocrx_word' id='word_1_144' title='bbox 325 3385 567 3462; x_wconf 87' lang='lat' dir='ltr'>constituimus,</span> <span class='ocrx_word' id='word_1_145' title='bbox 583 3407 625 3450; x_wconf 92' lang='lat' dir='ltr'>ne</span> <span class='ocrx_word' id='word_1_146' title='bbox 648 3385 736 3450; x_wconf 88' lang='lat' dir='ltr'>idem</span> <span class='ocrx_word' id='word_1_147' title='bbox 752 3407 810 3450; x_wconf 86' lang='lat' dir='ltr'>rex</span> <span class='ocrx_word' id='word_1_148' title='bbox 829 3385 976 3471; x_wconf 87' lang='lat' dir='ltr'>aliquam</span> <span class='ocrx_word' id='word_1_149' title='bbox 991 3385 1166 3450; x_wconf 89' lang='lat' dir='ltr'>adversum</span> <span class='ocrx_word' id='word_1_150' title='bbox 1187 3405 1248 3450; x_wconf 90' lang='lat' dir='ltr'>nos</span> <span class='ocrx_word' id='word_1_151' title='bbox 1263 3407 1375 3471; x_wconf 90' lang='lat' dir='ltr'>quere·</span> 
     </span>
     <span class='ocr_line' id='line_1_22' title="bbox 320 3486 1374 3573; baseline 0 -22"><span class='ocrx_word' id='word_1_152' title='bbox 320 3486 411 3554; x_wconf 92' lang='lat' dir='ltr'>landi</span> <span class='ocrx_word' id='word_1_153' title='bbox 435 3487 638 3553; x_wconf 75' lang='lat' dir='ltr'>occasionem</span> <span class='ocrx_word' id='word_1_154' title='bbox 675 3488 846 3552; x_wconf 85' lang='lat' dir='ltr'>videretur</span> <span class='ocrx_word' id='word_1_155' title='bbox 868 3486 997 3563; x_wconf 88' lang='lat' dir='ltr'>habere,</span> <span class='ocrx_word' id='word_1_156' title='bbox 1027 3486 1174 3571; x_wconf 86' lang='lat' dir='ltr'>eoquod</span> <span class='ocrx_word' id='word_1_157' title='bbox 1205 3488 1374 3573; x_wconf 85' lang='lat' dir='ltr'>negotium</span> 
     </span>
     <span class='ocr_line' id='line_1_23' title="bbox 319 3587 1374 3675; baseline 0 -23"><span class='ocrx_word' id='word_1_158' title='bbox 319 3587 404 3653; x_wconf 92' lang='lat' dir='ltr'>illud</span> <span class='ocrx_word' id='word_1_159' title='bbox 434 3589 583 3675; x_wconf 89' lang='lat' dir='ltr'>personis</span> <span class='ocrx_word' id='word_1_160' title='bbox 607 3587 779 3654; x_wconf 87' lang='lat' dir='ltr'>extraneis</span> <span class='ocrx_word' id='word_1_161' title='bbox 803 3594 838 3654; x_wconf 93' lang='lat' dir='ltr'>et</span> <span class='ocrx_word' id='word_1_162' title='bbox 860 3593 958 3653; x_wconf 83' lang='lat' dir='ltr'>extra</span> <span class='ocrx_word' id='word_1_163' title='bbox 980 3593 1101 3653; x_wconf 88' lang='lat' dir='ltr'>terram</span> <span class='ocrx_word' id='word_1_164' title='bbox 1125 3609 1218 3654; x_wconf 91' lang='lat' dir='ltr'>suam</span> <span class='ocrx_word' id='word_1_165' title='bbox 1240 3609 1374 3655; x_wconf 90' lang='lat' dir='ltr'>manen-</span> 
     </span>
     <span class='ocr_line' id='line_1_24' title="bbox 321 3690 1374 3776; baseline 0.002 -20"><span class='ocrx_word' id='word_1_166' title='bbox 321 3691 421 3769; x_wconf 88' lang='lat' dir='ltr'>tibus,</span> <span class='ocrx_word' id='word_1_167' title='bbox 443 3691 727 3758; x_wconf 89' lang='lat' dir='ltr'>oommisissemus.</span> <span class='ocrx_word' id='word_1_168' title='bbox 775 3690 822 3755; x_wconf 88' lang='lat' dir='ltr'>Et</span> <span class='ocrx_word' id='word_1_169' title='bbox 856 3691 1022 3776; x_wconf 88' lang='lat' dir='ltr'>quoniam,</span> <span class='ocrx_word' id='word_1_170' title='bbox 1045 3690 1131 3756; x_wconf 89' lang='lat' dir='ltr'>sicut</span> <span class='ocrx_word' id='word_1_171' title='bbox 1165 3691 1319 3772; x_wconf 87' lang='lat' dir='ltr'>diximus,</span> <span class='ocrx_word' id='word_1_172' title='bbox 1341 3697 1374 3757; x_wconf 91' lang='lat' dir='ltr'>te</span> 
     </span>
     <span class='ocr_line' id='line_1_25' title="bbox 322 3791 1375 3883; baseline 0.005 -27"><span class='ocrx_word' id='word_1_173' title='bbox 322 3794 430 3856; x_wconf 89' lang='lat' dir='ltr'>virum</span> <span class='ocrx_word' id='word_1_174' title='bbox 453 3791 654 3879; x_wconf 85' lang='lat' dir='ltr'>pontificalis</span> <span class='ocrx_word' id='word_1_175' title='bbox 676 3792 886 3859; x_wconf 88' lang='lat' dir='ltr'>maturitatis</span> <span class='ocrx_word' id='word_1_176' title='bbox 909 3799 944 3858; x_wconf 90' lang='lat' dir='ltr'>et</span> <span class='ocrx_word' id='word_1_177' title='bbox 973 3794 1167 3860; x_wconf 75' lang='lat' dir='ltr'>constantiae</span> <span class='ocrx_word' id='word_1_178' title='bbox 1199 3816 1267 3859; x_wconf 90' lang='lat' dir='ltr'>esse</span> <span class='ocrx_word' id='word_1_179' title='bbox 1301 3815 1375 3883; x_wconf 83' lang='lat' dir='ltr'>cog-</span> 
     </span>
     <span class='ocr_line' id='line_1_26' title="bbox 320 3892 1375 3971; baseline 0.005 -14"><span class='ocrx_word' id='word_1_180' title='bbox 320 3892 496 3971; x_wconf 86' lang='lat' dir='ltr'>noscimus,</span> <span class='ocrx_word' id='word_1_181' title='bbox 521 3900 555 3959; x_wconf 89' lang='lat' dir='ltr'>et</span> <span class='ocrx_word' id='word_1_182' title='bbox 577 3893 755 3960; x_wconf 85' lang='lat' dir='ltr'>honestate</span> <span class='ocrx_word' id='word_1_183' title='bbox 779 3915 818 3961; x_wconf 91' lang='lat' dir='ltr'>ac</span> <span class='ocrx_word' id='word_1_184' title='bbox 840 3893 1027 3960; x_wconf 89' lang='lat' dir='ltr'>litteratura</span> <span class='ocrx_word' id='word_1_185' title='bbox 1049 3893 1138 3959; x_wconf 87' lang='lat' dir='ltr'>inter</span> <span class='ocrx_word' id='word_1_186' title='bbox 1167 3900 1301 3962; x_wconf 68' lang='lat' dir='ltr'>caeteros</span> <span class='ocrx_word' id='word_1_187' title='bbox 1323 3917 1375 3962; x_wconf 94' lang='lat' dir='ltr'>co·</span> 
     </span>
     <span class='ocr_line' id='line_1_27' title="bbox 326 3995 1377 4084; baseline 0.002 -22"><span class='ocrx_word' id='word_1_188' title='bbox 326 3996 494 4084; x_wconf 90' lang='lat' dir='ltr'>episcopos</span> <span class='ocrx_word' id='word_1_189' title='bbox 521 4002 597 4062; x_wconf 89' lang='lat' dir='ltr'>tuos</span> <span class='ocrx_word' id='word_1_190' title='bbox 629 3995 762 4082; x_wconf 88' lang='lat' dir='ltr'>pollere,</span> <span class='ocrx_word' id='word_1_191' title='bbox 785 3995 986 4061; x_wconf 85' lang='lat' dir='ltr'>fraternitati</span> <span class='ocrx_word' id='word_1_192' title='bbox 1009 4004 1077 4063; x_wconf 75' lang='lat' dir='ltr'>ture</span> <span class='ocrx_word' id='word_1_193' title='bbox 1109 4018 1167 4083; x_wconf 84' lang='lat' dir='ltr'>per</span> <span class='ocrx_word' id='word_1_194' title='bbox 1198 3998 1377 4083; x_wconf 87' lang='lat' dir='ltr'>apostolica</span> 
     </span>
     <span class='ocr_line' id='line_1_28' title="bbox 324 4098 1376 4185; baseline 0.002 -22"><span class='ocrx_word' id='word_1_195' title='bbox 324 4098 445 4185; x_wconf 81' lang='lat' dir='ltr'>scripta</span> <span class='ocrx_word' id='word_1_196' title='bbox 461 4098 681 4184; x_wconf 67' lang='lat' dir='ltr'>praecipiendo</span> <span class='ocrx_word' id='word_1_197' title='bbox 697 4098 900 4175; x_wconf 70' lang='lat' dir='ltr'>mandamus</span> <span class='ocrx_word' id='word_1_198' title='bbox 916 4102 950 4162; x_wconf 90' lang='lat' dir='ltr'>et</span> <span class='ocrx_word' id='word_1_199' title='bbox 972 4098 1008 4162; x_wconf 90' lang='lat' dir='ltr'>in</span> <span class='ocrx_word' id='word_1_200' title='bbox 1031 4099 1157 4163; x_wconf 81' lang='lat' dir='ltr'>virtute</span> <span class='ocrx_word' id='word_1_201' title='bbox 1178 4098 1376 4165; x_wconf 80' lang='lat' dir='ltr'>obedientiae</span> 
     </span>
     <span class='ocr_line' id='line_1_29' title="bbox 322 4198 1376 4286; baseline 0.002 -23"><span class='ocrx_word' id='word_1_202' title='bbox 322 4199 537 4286; x_wconf 84' lang='lat' dir='ltr'>injungimus,</span> <span class='ocrx_word' id='word_1_203' title='bbox 561 4205 725 4285; x_wconf 87' lang='lat' dir='ltr'>quatenus</span> <span class='ocrx_word' id='word_1_204' title='bbox 749 4199 778 4264; x_wconf 92' lang='lat' dir='ltr'>si</span> <span class='ocrx_word' id='word_1_205' title='bbox 803 4199 961 4285; x_wconf 85' lang='lat' dir='ltr'>praefatus</span> <span class='ocrx_word' id='word_1_206' title='bbox 984 4198 1242 4285; x_wconf 82' lang='lat' dir='ltr'>Rotomagensis,</span> <span class='ocrx_word' id='word_1_207' title='bbox 1266 4200 1301 4263; x_wconf 89' lang='lat' dir='ltr'>in</span> <span class='ocrx_word' id='word_1_208' title='bbox 1322 4199 1376 4266; x_wconf 90' lang='lat' dir='ltr'>his</span> 
     </span>
    </p>
   </div>
   <div class='ocr_carea' id='block_1_7' title="bbox 322 4301 1376 4387">
    <p class='ocr_par' dir='ltr' id='par_1_7' title="bbox 322 4301 1376 4387">
     <span class='ocr_line' id='line_1_30' title="bbox 322 4301 1376 4387; baseline 0.004 -21"><span class='ocrx_word' id='word_1_209' title='bbox 322 4320 396 4387; x_wconf 84' lang='lat' dir='ltr'>quae</span> <span class='ocrx_word' id='word_1_210' title='bbox 412 4302 507 4367; x_wconf 80' lang='lat' dir='ltr'>vobis</span> <span class='ocrx_word' id='word_1_211' title='bbox 523 4301 754 4387; x_wconf 81' lang='lat' dir='ltr'>injunximus⁴</span> <span class='ocrx_word' id='word_1_212' title='bbox 776 4323 843 4367; x_wconf 91' lang='lat' dir='ltr'>una</span> <span class='ocrx_word' id='word_1_213' title='bbox 866 4307 974 4367; x_wconf 89' lang='lat' dir='ltr'>tecum</span> <span class='ocrx_word' id='word_1_214' title='bbox 991 4302 1163 4387; x_wconf 82' lang='lat' dir='ltr'>procedere</span> <span class='ocrx_word' id='word_1_215' title='bbox 1178 4301 1290 4379; x_wconf 89' lang='lat' dir='ltr'>nollet,</span> <span class='ocrx_word' id='word_1_216' title='bbox 1305 4303 1376 4370; x_wconf 79' lang='lat' dir='ltr'>sive</span> 
     </span>
    </p>
   </div>
   <div class='ocr_carea' id='block_1_8' title="bbox 351 4527 1376 4749">
    <p class='ocr_par' dir='ltr' id='par_1_8' title="bbox 351 4527 1376 4749">
     <span class='ocr_line' id='line_1_31' title="bbox 352 4527 1376 4594; baseline 0.008 -18"><span class='ocrx_word' id='word_1_217' title='bbox 352 4528 359 4561; x_wconf 89' lang='lat'>¹</span> <span class='ocrx_word' id='word_1_218' title='bbox 379 4528 471 4589; x_wconf 59' lang='lat' dir='ltr'>eblus.</span> <span class='ocrx_word' id='word_1_219' title='bbox 483 4528 512 4587; x_wconf 91' lang='lat' dir='ltr'>Z,</span> <span class='ocrx_word' id='word_1_220' title='bbox 524 4528 553 4576; x_wconf 82' lang='lat' dir='ltr'>L.</span> <span class='ocrx_word' id='word_1_221' title='bbox 908 4528 919 4560; x_wconf 89' lang='lat'><strong>⁴</strong></span> <span class='ocrx_word' id='word_1_222' title='bbox 937 4527 1096 4593; x_wconf 75' lang='lat' dir='ltr'>injunximus,</span> <span class='ocrx_word' id='word_1_223' title='bbox 1114 4529 1155 4587; x_wconf 75' lang='lat' dir='ltr'>.·l;</span> <span class='ocrx_word' id='word_1_224' title='bbox 1173 4529 1329 4594; x_wconf 69' lang='lat' dir='ltr'>irp&#39;uuyr&#39;ruua,</span> <span class='ocrx_word' id='word_1_225' title='bbox 1347 4535 1376 4593; x_wconf 87' lang='lat' dir='ltr'>Z,</span> 
     </span>
     <span class='ocr_line' id='line_1_32' title="bbox 351 4606 905 4671; baseline 0.007 -18"><span class='ocrx_word' id='word_1_226' title='bbox 351 4607 361 4640; x_wconf 83' lang='lat'>²</span> <span class='ocrx_word' id='word_1_227' title='bbox 377 4607 428 4671; x_wconf 75' lang='lat' dir='ltr'>qai,</span> <span class='ocrx_word' id='word_1_228' title='bbox 442 4606 470 4655; x_wconf 93' lang='lat' dir='ltr'>Z.</span> <span class='ocrx_word' id='word_1_229' title='bbox 874 4609 905 4657; x_wconf 89' lang='lat' dir='ltr'>L.</span> 
     </span>
     <span class='ocr_line' id='line_1_33' title="bbox 351 4683 649 4749; baseline -0.003 -14"><span class='ocrx_word' id='word_1_230' title='bbox 351 4690 361 4719; x_wconf 77' lang='lat'>³</span> <span class='ocrx_word' id='word_1_231' title='bbox 379 4702 439 4749; x_wconf 80' lang='lat' dir='ltr'>osae,</span> <span class='ocrx_word' id='word_1_232' title='bbox 454 4684 487 4744; x_wconf 72' lang='lat' dir='ltr'>A,</span> <span class='ocrx_word' id='word_1_233' title='bbox 500 4684 538 4741; x_wconf 88' lang='lat'>0;</span> <span class='ocrx_word' id='word_1_234' title='bbox 556 4699 606 4734; x_wconf 90' lang='lat' dir='ltr'>om.</span> <span class='ocrx_word' id='word_1_235' title='bbox 620 4683 649 4735; x_wconf 89' lang='lat' dir='ltr'>L.</span> 
     </span>
    </p>
   </div>
   <div class='ocr_carea' id='block_1_9' title="bbox 0 0 1657 5662">
    <p class='ocr_par' dir='ltr' id='par_1_9' title="bbox 0 0 1657 5662">
     <span class='ocr_line' id='line_1_34' title="bbox 0 0 1657 5662; baseline 0 0"><span class='ocrx_word' id='word_1_236' title='bbox 0 0 1657 5662; x_wconf 95' lang='lat' dir='ltr'> </span> 
     </span>
    </p>
   </div>
  </div>
 </body>
</html>
