3278 5662
200 786 263 834 an.
284 769 393 857 1179]
635 789 815 861 nersronn.

646 1059 813 1127 DOOOII.

199 1205 252 1270 Ex
276 1224 438 1274 nrrsrona
462 1210 569 1275 Parni
592 1211 780 1277 Bnnsmsrs
803 1229 851 1277 an
873 1212 1042 1278 Jonuunu
1064 1212 1243 1299 [Sanusne-

384 1314 553 1396 mnusnn]
576 1312 834 1379 Onnuornnssn
859 1330 1059 1381 EPISCOPUM.

516 1464 585 1524 (Pet.
596 1464 664 1513 Bles.
682 1471 743 1524 114;
761 1466 815 1515 MS.
828 1463 937 1526 CCCC.)

240 1592 453 1677 [Benedictus
475 1591 645 1670 Dominus,
669 1596 744 1679 etc]
764 1593 782 1629 *
877 1593 895 1629 *
987 1594 1004 1630 a
1095 1592 1113 1628 s
1206 1594 1223 1630 s

239 1693 328 1757 Illud
358 1693 494 1760 autem¹
526 1695 694 1773 noveritis,
726 1696 813 1780 quod
836 1696 876 1760 de
908 1695 1065 1761 mandato
1097 1694 1363 1767 domini²112viue

193 1796 427 1882 archiepiscopi
451 1797 589 1864 scribere
605 1797 811 1885 triumphum
827 1799 916 1863 beati
940 1797 1074 1864 Thomae
1090 1800 1246 1885 martyris
1258 1767 1376 1897 iffi?

193 1903 416 1974 attentassem,
440 1898 503 1963 nisi
526 1898 618 1963 aliud
639 1898 723 1963 mihi
746 1900 904 1984 scriptum
927 1898 1083 1964 fortuitus
1106 1900 1410 1975 0btuljs.arcirr›islrop

192 2004 242 2063 set
265 2004 413 2079 eventus,
436 2001 472 2064 in
495 2021 560 2086 quo
583 2000 746 2087 elegantia
780 2002 860 2093 styli
891 2001 1060 2087 ingenium
1095 2002 1244 2088 magistri
1257 1966 1368 2081 mis}
1377 1977 1403 2016 ‘⁰

192 2101 330 2165 Joannis
366 2102 632 2167 Sariesberiensis
667 2103 873 2188 exprimebat
905 2110 939 2168 et
970 2103 1124 2189 linguam.
1175 2105 1241 2168 Ad·
1255 2097 1393 2212 ἒξξῗίὓῐθῐ

192 2205 314 2268 mirans
338 2203 437 2291 ergo³
458 2205 600 2291 gratiam
623 2227 697 2290 qum
720 2206 840 2271 diffusa
863 2213 912 2271 cst
935 2206 971 2270 in
995 2206 1091 2271 labiis
1113 2208 1241 2285 vestris,
1254 2181 1412 2281 he'oeli’ii'digs'

190 2305 335 2385 substiti,
357 2328 399 2371 no
422 2307 535 2372 laudes
559 2329 640 2393 quas
673 2308 788 2393 lingua
810 2308 941 2372 erudita
966 2307 1158 2388 dictaverat,
1192 2310 1241 2372 in·
1255 2298 1354 2412 ξέξζξῑ
1364 2365 1402 2413 sor

190 2408 294 2474 doctis
316 2409 470 2475 humanis
496 2409 667 2495 sapientiae
690 2408 811 2485 verbis,
834 2415 869 2474 et
892 2410 979 2494 stylo
1003 2410 1154 2495 degeneri
1188 2378 1369 2505 demidiinof

190 2517 364 2596 turparem,
388 2517 423 2577 et
445 2511 586 2597 injurius
609 2510 747 2576 fierem⁴
780 2511 927 2596 martyri,
951 2511 1008 2595 qui
1036 2532 1094 2596 per
1117 2510 1240 2573 insuffi-
1255 2495 1409 2609 {signarus

189 2613 342 2677 cientianr
375 2613 467 2678 rudis
499 2613 624 2699 ingenii
655 2615 759 2679 tantae
795 2611 1047 2698 magnificentiae
1079 2612 1242 2698 praeconia

189 2713 415 2780 decurtassem.
464 2713 587 2781 Valcte.

628 3150 812 3217 DCOOIII.

187 3297 406 3366 GILEBERTUS
429 3318 610 3369 EPISCOI'US
633 3320 681 3367 AD
714 3316 958 3367 Pauocmauos
982 3299 1242 3363 Lonoon'lan'ffls

623 3422 801 3471 ECCLESIAE.

485 3559 529 3619 (e.
540 3563 605 3619 aso,
626 3558 671 3610 ca
686 3561 748 3618 iem
767 3557 799 3608 o.
814 3557 869 3606 ror.
881 3558 952 3616 aas.)

232 3683 440 3748 Gilebcrtrrs⁵
465 3685 527 3750 Dei
550 3687 658 3771 gratia
683 3685 924 3749 Lnndoniensis
946 3685 1126 3768 episcopus,
1141 3681 1238 3747 dilcc-

186 3784 229 3846 tis
268 3785 331 3848 sibi
369 3787 405 3848 in
443 3786 585 3851 Domino
632 3788 793 3851 universis
839 3792 961 3852 sanctae
1000 3784 1239 3848 Lundoniensis

184 3884 326 3949 ecelesiae
349 3887 556 3971 parochianis
580 3892 614 3952 et
636 3888 723 3966 filiis,
748 3887 899 3965 salutem,
922 3886 1073 3972 gratiam,
1090 3890 1124 3949 et
1140 3885 1237 3949 benc-

186 3986 371 4052 dictionem.

229 4087 396 4175 Partioeps
419 4091 577 4156 mercedis
604 4091 744 4156 efficitur
776 4090 974 4176 quicumque
1008 4110 1042 4152 sc
1077 4087 1235 4150 bonorum
1250 4107 1274 4154 Λ
1288 4105 1396 4168 hospital

183 4210 317 4274 operum
342 4193 527 4277 adjutorem
554 4194 710 4270 exhibet3
746 4215 806 4260 neo
829 4193 1103 4258 irremuneratum
1137 4187 1236 4250 rolin·
1250 4179 1276 4219 ¹⁰
1289 4173 1320 4219 Μ

1251 4238 1362 4286 founded
1374 4236 1399 4286 iu

183 4293 304 4374 quitur,
328 4295 416 4379 quod
439 4297 475 4359 in
498 4296 631 4381 pietatis
655 4318 734 4361 usus
756 4294 857 4360 suerit
890 4292 1019 4358 intuitu
1052 4310 1234 4375 pauperum
1249 4303 1400 4419 isiarirossrgnogq

215 4538 222 4569 ¹
242 4541 324 4601 ctiam,
336 4540 369 4591 G.
768 4542 779 4574 ⁴
794 4542 863 4604 fiam,
874 4540 905 4591 G.

214 4619 224 4649 ²
241 4621 295 4678 mei,
307 4621 355 4670 ins.
368 4623 401 4673 G.
770 4620 780 4652 ⁵
798 4619 855 4670 The
867 4617 983 4685 greeting
994 4615 1100 4667 omitted
1111 4614 1137 4665 in
1151 4614 1198 4668 θ’,

212 4697 222 4728 ³
242 4700 299 4749 Om.
312 4700 370 4751 MS.

1000 4789 1104 4854 002
