3278 5662
242 803 308 852 au.
327 786 437 871 1170.]
688 801 870 850 nmsronn.
1233 787 1297 850 315

240 983 334 1066 gatis,
367 985 433 1051 nisi
470 990 543 1052 tota
574 987 717 1052 intentio
752 993 863 1052 vestra
899 985 1056 1071 procedat
1097 1005 1140 1050 ex
1175 982 1296 1046 intimo

242 1083 390 1150 caritatis
436 1135 712 1153 ......
759 1087 943 1152 Plurimum
975 1085 1109 1171 quidem
1132 1102 1296 1148 commen·

240 1181 348 1250 dabile
379 1192 431 1251 est
462 1187 498 1252 in
531 1188 664 1253 domino
699 1194 808 1254 vestro
846 1189 935 1274 quod
965 1188 1012 1253 sic
1049 1186 1138 1251 solus
1181 1204 1293 1249 ascen·

242 1284 293 1349 dit
326 1309 369 1352 ex
401 1288 549 1367 adverso,
584 1291 672 1375 quod
703 1290 841 1376 opponit
874 1312 909 1355 se
941 1310 1073 1354 murum
1106 1308 1167 1373 pro
1199 1286 1295 1352 domo

240 1385 352 1467 Israel,
369 1398 403 1456 et
424 1392 537 1479 arguit
552 1413 611 1478 pro
626 1391 807 1458 mansuetis
830 1398 934 1457 terrae.
980 1388 1111 1454 Istum1
1133 1387 1293 1455 habemus

241 1488 339 1556 hodie
361 1493 468 1558 solum
491 1502 525 1560 et
548 1496 683 1561 unicum
706 1494 794 1561 inter
816 1492 901 1558 filios
924 1513 1134 1558 excussorum
1182 1539 1189 1555 .
1235 1539 1242 1555 .
1290 1539 1296 1553 .

285 1590 367 1671 Quis
397 1616 417 1661 a
447 1596 627 1681 primitivis
659 1595 801 1662 ecclesiae
824 1593 995 1660 cunabulis
1026 1593 1097 1657 sine
1120 1591 1283 1677 patientia
1312 1607 1384 1683 Nego
1397 1608 1428 1655 of

240 1691 484 1780 triumphavit?
530 1698 625 1774 Sane,
649 1696 727 1763 licet
756 1695 936 1781 plurimum
960 1695 1081 1761 habeat
1104 1693 1145 1758 de
1168 1692 1290 1777 spiritu
1311 1683 1433 1736 patience.

240 1794 446 1866 fortitudinis
469 1801 622 1866 dominus
645 1806 760 1877 vester,
784 1799 905 1864 dicitur
937 1804 1049 1863 tamen
1079 1796 1168 1881 quod
1190 1815 1296 1880 prop·

241 1902 292 1960 ter
314 1902 557 1968 coronationem
590 1902 670 1968 novi
703 1901 788 1987 regis
811 1900 994 1986 Anglorum
1024 1899 1067 1964 ab
1090 1895 1288 1963 Eboracensi
1310 1921 1450 1974 Thecoro

241 1996 372 2079 factam,
402 2008 436 2068 et
473 2011 608 2090 propter
646 2003 796 2088 ‹puaedam
834 2001 1015 2087 privilegia,
1046 2001 1132 2066 sicut
1171 2000 1295 2074 dicunt,
1310 1989 1405 2039 181101-

241 2107 356 2169 contra
387 2105 495 2191 ipsum
518 2107 713 2191 subreptitie
736 2107 921 2190 impetrata,
945 2104 1026 2171 adeo
1050 2104 1204 2168 turbatus
1227 2107 1285 2177 est,

242 2205 330 2288 quod
367 2229 388 2273 a
424 2209 697 2295 pusillanimitate
731 2209 868 2295 spiritus
906 2214 940 2272 et
977 2212 1174 2292 tempestato
1208 2225 1291 2291 pene

241 2307 322 2371 moti
353 2316 432 2375 sunt
464 2311 562 2396 pedes
597 2310 677 2395 ejus
708 2332 792 2395 pene
823 2309 918 2375 effusi
953 2314 1032 2374 sunt
1065 2329 1194 2394 gressus
1229 2307 1290 2371 sui.

240 2407 475 2477 Verumtamen
491 2434 558 2488 vos,
574 2412 632 2498 qui
649 2412 727 2477 estis
739 2432 860 2498 manus
875 2411 1109 2497 archiepiscopi
1125 2415 1160 2475 et
1174 2409 1288 2476 oculus

248 2510 327 2595 ejus,
341 2514 465 2578 sanctis
492 2512 778 2578 exhortationibus
800 2513 919 2577 vestris
951 2513 1134 2577 confortate
1177 2530 1295 2576 manus

241 2612 425 2692 dissolutas,
449 2624 483 2680 et
505 2637 613 2702 genua
636 2616 759 2680 debilia
783 2615 932 2679 roborate
934 2661 1212 2681 ......
1259 2613 1296 2678 si

240 2736 317 2800 ergo
340 2723 473 2802 propter
496 2718 718 2804 ingruentiam
743 2717 902 2783 malorum
925 2738 999 2800 quae
1015 2718 1158 2783 sustinet
1182 2718 1287 2782 domi·

240 2837 303 2881 nus
326 2825 444 2898 vester,
467 2827 527 2886 aut
549 2843 609 2906 pro
636 2843 769 2885 suorum
795 2819 1003 2893 desolatione,
1019 2826 1079 2884 aut
1101 2842 1160 2903 pro
1186 2820 1293 2884 exsilii

241 2920 340 3005 hujus
371 2921 602 2998 diuturnitate,
637 2922 788 2986 videritis
821 2923 852 2986 ei
884 2927 1046 3006 torporem
1080 2923 1200 2986 mentis
1238 2921 1294 2986 ob-

241 3045 360 3110 repere,
388 3024 462 3088 sitis
494 3024 557 3109 ipsi
591 3024 708 3108 solatio
740 3046 781 3088 no
804 3024 962 3108 desperet,
992 3045 1034 3086 ne
1069 3023 1219 3102 titubet3
1258 3024 1293 3087 in

240 3126 390 3209 proximo
414 3132 464 3190 est
488 3127 575 3190 enim
599 3134 729 3213 tempus
752 3125 954 3191 visitationis
977 3139 1046 3189 suae
1087 3176 1092 3188 .
1133 3176 1139 3189 .
1179 3178 1186 3192 .
1232 3176 1239 3190 .
1287 3176 1293 3190 .

282 3227 345 3290 Per
375 3227 499 3314 legatos
512 3242 528 3275 a
560 3228 644 3292 sedis
677 3227 870 3312 apostolicae,
895 3248 969 3292 cum
1004 3227 1124 3311 quibus
1154 3249 1174 3291 a
1200 3228 1332 3293 curias
1346 3246 1428 3294 setae-

240 3328 388 3393 Romana
410 3311 514 3414 usipue
549 3329 591 3393 ad
622 3321 805 3393 Bononiam
829 3328 914 3405 veni,
939 3328 990 3392 vel
1014 3327 1198 3413 Anglorum
1221 3312 1445 3426 regiffifflp

239 3432 274 3493 in
297 3431 688 3518 pronimopromissione
719 3430 990 3506 reconciliabitur,
1014 3430 1068 3494 vel
1091 3430 1133 3494 ad
1157 3431 1293 3515 majoris
1306 3443 1451 3494 encesisat

236 3533 478 3616 patriarchatus
502 3534 715 3598 eminentiam
738 3533 963 3598 transferetur.
1011 3533 1097 3598 Sane
1130 3509 1383 3618 qualiter-hand·

237 3658 364 3721 cunque
389 3635 532 3702 uoluerit
555 3636 717 3700 Dominus
750 3636 920 3722 negotium
952 3637 1024 3721 ejus
1059 3635 1239 3721 disponere,
1264 3637 1292 3700 si

238 3737 314 3800 talis
352 3743 539 3821 perseverat
577 3737 683 3823 qualis
721 3742 771 3801 est
808 3735 913 3813 hodie,
953 3759 1084 3803 securus
1119 3744 1289 3823 exspectet

237 3839 362 3903 exitum
396 3838 494 3924 hujus
525 3860 662 3924 pugnem
701 3837 839 3922 ideoque
862 3859 957 3903 voces
988 3838 1197 3924 palpantium
1224 3859 1292 3903 non

236 3942 396 4016 attendat,
420 3942 479 4005 scd
501 3958 657 4025 sequatur
689 3940 844 4025 spiritum
868 3940 940 4018 Dei,
964 3940 1021 4025 qui
1050 3942 1087 4004 in
1110 3963 1149 4006 co
1172 3947 1234 4016 est,
1259 3949 1292 4004 et

657 4127 663 4158 ¹
681 4127 792 4204 ductum,
805 4127 861 4177 MS.

268 4299 279 4322 ¹
296 4294 400 4354 Reum,
412 4291 552 4356 supposing
565 4291 671 4343 Gratiau
687 4294 737 4341 and
757 4293 762 4349 l
788 4293 915 4357 supposed
932 4302 959 4341 to
976 4292 1042 4341 have
1054 4292 1119 4340 bccu
1131 4306 1202 4341 some
1215 4295 1291 4356 papal

236 4372 332 4422 Vivian
366 4382 393 4422 to
427 4375 459 4421 bo
487 4372 548 4420 here
576 4382 670 4434 incant,
699 4358 760 4420 rc·¹
789 4387 883 4436 cnvoys
894 4371 950 4420 who
960 4386 1024 4420 were
1037 4378 1082 4419 not
1093 4369 1216 4434 specially
1226 4386 1292 4421 com·

236 4453 287 4502 fers
309 4453 352 4501 the
373 4453 447 4501 letter
465 4460 492 4499 to
517 4455 590 4499 1169.
624 4452 675 4499 But
693 4451 737 4500 tho
789 4449 925 4499 missioned
946 4458 972 4499 to
990 4450 1047 4498 deul
1064 4448 1123 4499 with
1143 4450 1187 4498 the
1207 4449 1293 4499 differ-

236 4530 348 4587 mentiou
371 4531 401 4580 of
424 4530 467 4580 the
489 4545 605 4594 younger
628 4531 737 4593 Heury’s
789 4544 863 4578 ences
885 4531 1000 4578 between
1023 4529 1066 4578 the
1088 4518 1150 4592 king
1173 4531 1224 4578 and
1249 4530 1293 4579 tho

236 4610 382 4660 coronation
395 4624 476 4662 seems
494 4618 520 4657 to
532 4608 653 4658 establish
675 4614 738 4659 1170
790 4606 897 4669 primatu
917 4608 946 4655 oi
963 4607 1089 4671 England.
1125 4606 1188 4669 (Sec
1207 4608 1293 4659 Gous·

234 4706 263 4738 as
275 4689 318 4740 the
330 4691 396 4751 date,
413 4690 464 4737 ancl
481 4686 525 4737 thu
543 4686 621 4750 lopati
635 4702 692 4753 may
705 4689 737 4737 bc
791 4683 926 4734 saiuville's
938 4695 997 4735 notc
1010 4686 1036 4735 in
1048 4685 1144 4751 iligna,
1157 4686 1245 4747 ccvii.)
