3278 5662
327 817 392 867 no.
411 799 524 885 nm]
765 813 942 863 nrrsronn.
1320 797 1383 861 205

329 1020 478 1077 cesseras,
502 1006 549 1078 ut,
583 1023 642 1086 pro
664 1022 774 1066 amore
806 1001 870 1065 Dei
893 1006 927 1065 et
949 1007 1064 1065 nostro
1097 1022 1158 1065 nec
1188 1021 1254 1065 non
1278 1006 1313 1065 et
1335 1020 1385 1065 ec·

328 1101 434 1167 clesiae
459 1102 627 1177 Romanae,
649 1103 692 1168 ad
716 1102 885 1168 ecclesiam
916 1122 1010 1166 suam
1044 1123 1156 1168 secure
1190 1102 1327 1177 veniret,
1351 1107 1386 1166 et

328 1223 400 1267 eam
423 1209 525 1289 atque
548 1204 767 1290 possessiones
791 1224 868 1268 suas
892 1224 1014 1280 omnes,
1038 1204 1126 1269 sicut
1150 1203 1269 1268 habuit
1292 1208 1384 1267 ante·

329 1326 429 1390 quam
465 1306 572 1372 exiret
603 1307 682 1371 dum
717 1306 754 1370 in
788 1304 897 1392 gratia
924 1314 986 1370 tua
1009 1312 1104 1382 esset,
1131 1305 1165 1368 in
1193 1325 1271 1391 pace
1294 1310 1385 1369 tene-

327 1413 380 1474 ret
401 1414 503 1495 atque
526 1409 670 1486 haberet,
696 1415 730 1474 et
752 1409 804 1472 sui
825 1407 981 1472 similiter
998 1408 1055 1492 qui
1079 1428 1138 1493 pro
1163 1428 1201 1472 eo
1222 1407 1382 1471 exierunt.

330 1509 426 1590 Quod
450 1512 612 1597 siquidem
633 1516 767 1598 gratum
790 1509 970 1596 plurimum
996 1516 1030 1575 et
1053 1509 1189 1575 omnino
1211 1514 1382 1594 acceptum

328 1610 497 1689 habemus,
522 1613 562 1678 de
596 1612 819 1678 misericordia
842 1610 970 1677 Christi
1005 1616 1175 1696 sperantes
1208 1610 1296 1696 quod
1328 1610 1383 1675 ille

329 1713 387 1797 qui
411 1713 536 1800 incepit
558 1714 620 1780 hoc
643 1713 771 1778 meliori
794 1713 860 1778 fine
884 1712 1067 1789 concludet,
1090 1711 1148 1777 et¹
1172 1717 1205 1777 te
1227 1713 1270 1778 ad
1293 1711 1383 1776 illius

330 1816 418 1901 quod
441 1816 534 1882 deest
556 1815 874 1883 consummationem
898 1815 1041 1881 inducet.
1091 1813 1204 1894 Quare
1226 1814 1288 1880 hoc
1311 1815 1382 1900 ejus

328 1938 436 2004 aquo
459 1917 547 1984 bona
569 1923 688 1984 cuncta
710 1918 894 2003 procedunt
924 1917 1094 1981 immensae
1117 1921 1151 1981 et
1184 1916 1385 2003 superabun-

328 2019 422 2083 danti
446 2019 628 2085 clementiae
643 2020 868 2095 adscribimus,
885 2024 920 2083 et
942 2017 1180 2083 munificentiae
1203 2023 1271 2083 tuae
1287 2040 1384 2104 super

329 2119 390 2184 hoc
412 2120 613 2206 multiplices
639 2121 825 2207 gratiarum
859 2119 1063 2185 exsolvimus
1098 2119 1250 2184 actiones.
1298 2119 1384 2184 (ium

328 2227 440 2286 autem
463 2222 639 2308 praedictos
663 2223 799 2287 nuntios
822 2222 863 2286 da
887 2220 995 2286 forma
1018 2221 1216 2296 securitatis
1233 2227 1267 2287 et
1291 2244 1384 2287 max·
1398 2231 1453 2281 The
1467 2230 1557 2281 nisos

329 2321 394 2386 ime
417 2345 515 2409 super
538 2322 648 2389 osculo
671 2323 868 2408 praestando,
892 2343 960 2388 non
992 2322 1159 2389 modicum
1192 2323 1382 2390 sollicitare·
1397 2311 1480 2360 lm·

329 2446 411 2499 mus,
434 2446 627 2510 responsum
651 2424 746 2490 nobis
779 2424 951 2502 dederunt,
974 2425 1072 2510 quod,
1095 2426 1243 2510 graviter
1265 2447 1384 2511 provo·

329 2530 431 2604 catus,
448 2528 639 2592 firmaveras
663 2531 696 2590 te
720 2524 898 2611 praefatum
917 2525 1198 2611 archiepiscopum
1221 2528 1258 2591 in
1274 2528 1383 2594 osculo

330 2628 448 2713 [pacis]
462 2626 474 2665 ²
496 2628 688 2693 nullatenus
703 2634 923 2713 recepturum,
938 2628 992 2693 cui
1015 2632 1128 2692 tamen
1144 2629 1383 2715 primogenitus

328 2728 419 2792 filius
441 2734 529 2806 tuus,
549 2750 609 2814 pro
633 2750 744 2794 amore
767 2729 830 2793 Dei
855 2734 890 2793 et
912 2734 1034 2806 nostro,
1058 2728 1130 2794 vice
1154 2735 1213 2795 tua
1235 2731 1382 2796 osculum

327 2830 509 2895 exhiberet.
557 2829 657 2895 Unde
685 2831 841 2916 quoniam
865 2829 950 2895 alter
964 2830 1159 2895 nuntiorum
1186 2836 1384 2908 nostrorum,

331 2933 488 3018 magister
523 2932 688 2997 Vivianus
723 2929 900 3007 videlieet,8
926 2931 968 2994 ad
995 2932 1205 3016 praesentiam
1236 2940 1383 3001 nostram

330 3054 490 3110 reversus,
528 3033 624 3099 nobis
663 3032 858 3119 diligentius
892 3031 1064 3097 intimavit
1087 3035 1175 3118 quod
1209 3034 1382 3120 praelibato

330 3136 580 3222 archiepiscopo,
604 3136 691 3201 sicut
714 3136 749 3198 in
772 3134 935 3219 colloquio
962 3135 1051 3219 apud
1083 3135 1231 3201 Mentem
1256 3138 1382 3224 Marty-

331 3259 405 3301 rum
428 3237 542 3302 habito
567 3236 788 3312 intellexerat,
810 3236 954 3322 gratiam
970 3241 1005 3300 et
1027 3257 1171 3302 amorem
1194 3245 1291 3303 tuum
1307 3261 1383 3305 con·

333 3339 486 3416 cederes,⁴
508 3346 543 3404 et
565 3340 675 3425 ipsum
698 3339 917 3424 possessiones
941 3359 1027 3415 suas,
1050 3340 1136 3404 sicut
1167 3342 1383 3426 praedecessor

331 3443 402 3528 ejus
418 3463 472 3507 eas
496 3463 643 3526 unquam
667 3441 785 3506 melius
809 3440 986 3518 habuerit,⁵
1001 3441 1127 3507 faceres
1150 3443 1307 3521 obtinere,
1325 3467 1382 3511 nec

330 3567 396 3610 non
421 3550 454 3609 et
478 3544 568 3609 mille
592 3565 717 3609 marcas
741 3546 771 3609 ei
795 3565 854 3629 pro
883 3549 1046 3630 apparatu
1070 3567 1130 3610 suo
1163 3547 1204 3610 ad
1241 3570 1383 3632 praesens

331 3646 502 3720 conferres,
525 3667 592 3721 nos,
617 3646 657 3710 de
681 3645 781 3731 regiae
812 3644 1017 3710 celsitudinis
1040 3646 1217 3713 clementia
1248 3652 1382 3716 omnino

331 3747 454 3824 confisi,
478 3747 518 3812 de
550 3745 659 3812 osculo
683 3744 769 3809 sibi⁶
800 3746 987 3831 praestando
1020 3770 1131 3833 preces
1164 3756 1198 3813 et
1229 3751 1383 3819 exhorta·

332 3849 438 3913 tiones
460 3854 590 3913 nostras
622 3847 710 3932 apud
745 3846 975 3912 excellentiam
1008 3853 1110 3925 tuam,
1134 3854 1383 3935 praenominatis

331 3950 459 4014 nuntiis
492 3950 560 4014 tuis
595 3948 670 4034 plus
705 3949 798 4033 justo
830 3948 931 4013 etiam
963 3949 1194 4027 renitentibus,
1227 3952 1383 4019 duximus

331 4051 594 4138 interponendas.
642 4051 686 4115 Et
717 4049 873 4135 quoniam
907 4050 1006 4137 regiae
1042 4053 1196 4139 congruit
1227 4055 1383 4141 dignitati

331 4163 366 4222 ct
388 4157 514 4231 honori,
537 4161 638 4240 atque
671 4154 772 4219 saluti
804 4158 872 4219 tusa
895 4155 1043 4219 noscitur
1072 4155 1252 4241 plurimum
1286 4181 1385 4245 expe-

332 4259 411 4334 dire,
435 4263 475 4321 ut
498 4256 586 4342 quod
610 4256 701 4321 cordi
725 4260 783 4318 tuo
807 4253 980 4338 superbis
1004 4261 1055 4319 est
1078 4255 1250 4321 Divinitas
1281 4259 1383 4346 inspi-

367 4461 374 4494 1
392 4478 418 4523 a,
429 4461 476 4511 pm·
489 4461 518 4510 ι,
915 4456 926 4487 ⁸
944 4455 1071 4517 habitarit,
1083 4459 1104 4508 Z
1115 4478 1121 4517 ;
1140 4458 1238 4520 tabuit,
1249 4461 1287 4517 0;
1306 4462 1384 4513 lobu-

365 4540 376 4572 2
390 4541 473 4605 pacis,
485 4553 534 4588 om.
549 4539 583 4596 A,
595 4541 628 4597 Ο,
641 4538 670 4586 Ζ.
720 4615 724 4623 Ι
882 4542 946 4596 emb
956 4536 986 4584 1⁴

366 4620 376 4648 ³
394 4615 514 4674 videlicet,
533 4617 564 4675 A,
581 4614 614 4675 Ο,
627 4614 669 4671 V;
688 4612 790 4671 scilicet,
802 4610 835 4660 L.
915 4612 926 4643 ⁶
945 4612 999 4675 reti,
1012 4617 1042 4665 L.

366 4698 375 4725 ⁴
393 4694 535 4753 concedens,
548 4693 581 4743 L.
