3278 5662
200 1770 310 1833 llcnry’s

200 1837 327 1885 invasione

200 1904 229 1952 ol
239 1903 282 1951 the

200 1969 318 2018 chureh’s

201 2035 283 2098 rights

201 2110 245 2150 not
256 2118 315 2165 pro·

201 2168 284 2216 vokerl
298 2169 331 2231 by

201 2235 244 2283 thc
259 2233 348 2283 writer.

363 747 426 808 242
802 754 981 805 nersronn.
1214 742 1304 827 'pen
1324 745 1419 819 1170,

364 944 504 1009 sufficiet
535 944 605 1008 dics
638 944 668 1009 si
701 943 835 1008 voluero
867 943 990 1008 similia
1020 964 1094 1028 quaa
1125 945 1241 1008 eontra
1272 943 1419 1029 singulas

366 1046 516 1113 eeclesias
539 1046 633 1132 regni
666 1049 871 1132 praesumpta
903 1052 984 1112 sunt
1015 1066 1224 1132 percurrere3
1246 1067 1322 1109 cum
1344 1045 1419 1110 aliis

367 1147 429 1213 hoc
462 1147 558 1213 modo
596 1147 815 1233 possessiones
853 1147 973 1212 ablatae
1012 1147 1089 1225 sint,
1126 1151 1161 1211 et
1193 1147 1345 1212 omnibus
1384 1147 1420 1210 in

366 1270 539 1314 commune
572 1254 744 1334 perempta
773 1248 917 1325 libertas,
941 1253 982 1313 ut
1012 1269 1073 1314 nco
1105 1270 1179 1334 spes
1210 1248 1419 1314 liberationis

366 1351 466 1418 alicui
489 1351 604 1418 relicta
626 1352 678 1416 sit.
723 1351 878 1436 Legatur,
910 1352 1055 1436 inquam,
1078 1351 1149 1416 Deo
1180 1351 1338 1437 reprobus
1360 1352 1419 1417 illc

367 1454 506 1530 libellus,
529 1458 564 1519 et
594 1452 730 1517 videant
752 1453 879 1518 domini
909 1453 1023 1529 nostri,
1046 1452 1192 1519 fautores
1218 1455 1315 1539 regis,
1338 1455 1419 1539 quid

366 1556 542 1642 privilegii,
577 1576 651 1640 quae
689 1555 918 1641 praerogativa,
956 1561 1144 1620 reservetur
1174 1555 1222 1621 eis
1259 1556 1295 1619 in
1332 1560 1420 1622 terra

367 1658 446 1743 ejus.
494 1657 559 1723 Sed
582 1658 698 1722 dicunt
719 1656 857 1722 fortasse
881 1656 956 1722 odio
979 1659 1122 1723 nominis
1145 1659 1210 1724 mei
1233 1657 1419 1723 confectum

368 1782 437 1826 esse
468 1759 624 1825 libellum.
671 1759 719 1822 At
741 1765 828 1824 certe
851 1759 894 1825 ab
928 1759 1025 1825 initio
1052 1766 1211 1847 susceptae
1246 1763 1420 1847 potestatis

367 1864 555 1929 libertatem
579 1861 720 1929 ecclesiee
744 1863 837 1947 quasi
859 1863 934 1948 juro
965 1862 1173 1929 haereditario
1204 1865 1419 1950 persequitur.

369 1965 530 2050 Nunquid
578 1985 667 2029 eram
713 1964 998 2051 archiepiscopus,l
1036 1966 1167 2051 quando
1214 1970 1310 2051 pater
1349 1966 1421 2051 ejus

368 2068 505 2133 nuntios
538 2064 686 2131 domini²
720 2066 862 2151 Eugenii
897 2073 1020 2132 terrum
1052 2089 1145 2132 suam
1184 2068 1309 2133 intrare
1347 2090 1422 2154 pro·

369 2170 504 2234 hibuitl
550 2168 713 2253 Nunquid
745 2189 834 2232 eram
866 2168 1138 2255 archiepiscopus,
1173 2170 1305 2254 quando
1340 2170 1420 2234 Gre-

369 2274 481 2360 gorius
509 2272 622 2336 Sancti
650 2270 771 2357 Angeli
802 2270 959 2336 diaconus
991 2271 1176 2349 cardinalia,
1209 2272 1420 2359 tyrannidem

368 2375 469 2460 hujus
492 2373 687 2459 praevident,
710 2372 876 2458 persuasit
899 2372 1032 2437 domino
1065 2372 1214 2458 Eugenio
1238 2379 1277 2438 ut
1301 2373 1421 2438 Eusta-

368 2475 480 2542 chium
523 2475 631 2539 filium
668 2474 755 2559 regis
794 2473 957 2559 Stephani
995 2474 1226 2560 permitteret³
1264 2476 1421 2552 coronari,

368 2578 480 2644 dicens
501 2576 630 2642 facilius
664 2597 756 2661 posse
786 2577 897 2641 teneri·
916 2577 1054 2642 arietem
1088 2599 1147 2663 por
1177 2599 1299 2643 comua
1321 2599 1420 2662 quarn

368 2680 474 2747 cauda
495 2679 650 2746 leonem?
695 2680 778 2745 Haec
799 2679 895 2744 vobis
918 2679 1057 2744 historia
1078 2685 1159 2746 nota
1181 2685 1251 2759 cst3
1282 2685 1317 2747 et
1338 2702 1421 2765 quas

368 2784 499 2849 litteras
532 2781 763 2868 impetraverit
797 2787 886 2859 tunc,
910 2782 968 2866 qui
997 2802 1087 2847 nuuc
1117 2781 1331 2849 Eboracensis
1362 2788 1422 2860 est,

369 2892 402 2952 et
426 2887 594 2953 ecclesiam
625 2906 822 2972 persequens
854 2907 928 2950 eum
963 2907 1038 2970 rege
1073 2885 1130 2951 illo
1160 2906 1279 2950 nomen
1302 2907 1421 2959 mcum,

369 2991 470 3055 immo
509 2988 759 3055 eeclesiasticam
797 2987 993 3064 libertatem,
1027 2992 1165 3053 conatur
1201 2988 1422 3074 exstinguere.

369 3092 534 3177 Nunquid
556 3113 646 3156 eram
669 3091 943 3175 archiepiscopus
960 3090 1093 3176 quando
1116 3112 1175 3155 rex
1199 3091 1241 3155 ob
1264 3091 1420 3176 injuriam

369 3193 602 3280 appellationis
648 3193 816 3257 ecclesiam
859 3193 899 3258 de
945 3190 1108 3256 Boseham
1153 3191 1189 3255 in
1232 3193 1421 3278 episcopum

371 3295 608 3360 Lexoviensem
643 3293 824 3370 transtulit,
858 3293 916 3379 qui
948 3314 1021 3359 eam
1053 3294 1270 3379 grammatica
1304 3299 1421 3359 suaet

369 3404 442 3463 arte
473 3396 655 3482 placitandi
689 3401 804 3460 contra
836 3396 1005 3480 justitiam
1044 3395 1241 3461 Exoniensis
1278 3396 1420 3461 eeclesiae

372 3504 545 3565 tuereturl
591 3497 657 3563 Sed
680 3503 715 3562 et
737 3498 909 3583 episcopus
933 3498 1148 3564 Cicestrcnsis
1177 3497 1258 3583 quid
1280 3498 1421 3584 profecit

369 3602 528 3666 adversus
559 3600 715 3666 abbatem
748 3600 788 3664 de
823 3599 943 3680 Bello,a
974 3600 1043 3685 qui,
1074 3600 1258 3686 privilegiis
1283 3605 1421 3685 ,aposto-

370 3704 441 3770 licis
463 3703 576 3780 fretus,
600 3723 674 3767 curn
709 3722 748 3765 ea
770 3702 972 3766 nominasset
1004 3702 1039 3765 in
1073 3702 1173 3779 curia,
1198 3706 1232 3766 et
1266 3701 1421 3767 abbatem

370 3807 599 3873 denuntiasset
655 3805 984 3882 excommunicatum,
1038 3804 1144 3870 cidem
1201 3806 1422 3871 incontinenti

370 3930 479 3976 coram
502 3909 655 3974 omnibus
678 3908 918 3973 communicare
949 3908 1137 3993 compulsus
1159 3913 1210 3973 cst
1239 3910 1310 3974 sine
1333 3909 1423 3974 omni

370 4012 585 4091 absolutione,
624 4014 658 4075 et
695 4032 771 4076 eum
807 4009 949 4095 recipere
987 4010 1023 4072 in
1057 4010 1167 4076 osculo
1199 4011 1312 4096 pacis?
1368 4010 1423 4076 Sic

371 4115 459 4181 enim
493 4114 620 4201 placuit
654 4114 724 4200 regi
747 4118 781 4178 et
807 4112 907 4178 curiae
939 4134 1014 4198 quae
1049 4113 1079 4176 ei
1111 4113 1147 4176 in
1177 4111 1271 4177 nullo
1293 4118 1420 4178 contra-

374 4273 578 4281 --.-.--—-

406 4355 414 4386 ¹
433 4354 571 4418 episcopus,
584 4352 614 4401 L.
953 4349 964 4381 ³
982 4365 1031 4397 eron
1041 4350 1205 4415 permitteret,
1217 4350 1253 4411 L;
1271 4365 1328 4410 recca,
1337 4365 1386 4400 om.
1395 4351 1423 4401 Z.

406 4433 416 4466 ²
434 4432 509 4492 beati,
521 4432 551 4481 L.

421 4663 432 4687 ⁸
451 4656 501 4708 For
513 4655 556 4705 the
568 4662 733 4720 controversy
745 4667 772 4704 aa
785 4661 813 4704 to
825 4652 911 4705 Battlc
924 4652 1025 4720 Abbcy,
1037 4670 1080 4705 see
1091 4654 1141 4704 vol.
1155 4653 1187 4706 iv.
1199 4671 1225 4720 p.
1237 4658 1295 4717 244,
1305 4671 1371 4726 seqq.
