3278 5662
369 749 433 812 194
805 761 985 812 meroen.
1229 750 1309 832 [nn.
1327 749 1421 814 1169.

366 965 407 1008 no
441 944 545 1010 letam
577 944 614 1009 in
650 964 705 1010 me
738 965 760 1011 u
793 945 928 1010 domino
952 943 1186 1011 Centucriensi
1217 946 1419 1014 sententiam

366 1046 481 1130 (quem
513 1046 643 1112 nullam
675 1068 754 1124 esse,
784 1047 928 1134 juvente
961 1045 1106 1113 Domino
1129 1050 1164 1113 et
1196 1047 1269 1134 ipso
1290 1070 1419 1135 semper

365 1150 452 1211 recte
470 1145 653 1232 judicante,
677 1147 856 1232 constabit)
881 1169 943 1214 sue
964 1148 1096 1214 roboret
1120 1149 1325 1228 auctoritate,
1358 1171 1420 1218 noc

364 1253 472 1313 ratem
506 1248 627 1315 hebere
665 1251 757 1329 velit,
790 1250 819 1315 si
858 1249 912 1315 die
934 1249 1180 1336 appellationel
1213 1252 1350 1339 praefixo
1383 1253 1417 1336 (a

365 1347 600 1417 Purificetione
624 1351 752 1419 scilicet
776 1352 882 1418 beetae
905 1349 1074 1440 Virginis²
1095 1354 1227 1437 octavo)
1250 1374 1303 1419 me
1334 1373 1416 1419 non-

364 1449 444 1515 dum
491 1454 534 1519 ed
573 1454 698 1520 curium
735 1453 926 1540 pervenisse
972 1452 1173 1542 contigerit.³
1216 1454 1306 1521 Nem
1343 1476 1418 1521 cum

195 1620 221 1652 m
251 1621 265 1653 a
363 1550 499 1621 Octobri
550 1577 661 1621 mense
700 1555 1034 1633 transfretaverimus,
1082 1560 1116 1622 et
1160 1556 1204 1622 sd
1249 1556 1418 1623 dominum

195 1655 279 1718 fm-
364 1676 473 1742 regem
496 1658 634 1722 veniens
666 1659 855 1744 quaerendae
890 1657 990 1744 paci*
1020 1657 1147 1723 domini
1170 1657 1417 1725 centuariensis

194 1752 248 1785 'W
261 1754 295 1787 Ν·
362 1778 495 1842 operum
517 1758 696 1844 diligenter
719 1758 952 1846 impendimus,
974 1758 1159 1844 inspirante
1180 1758 1335 1837 Domino,
1357 1782 1417 1826 rex

360 1858 442 1925 adeo
464 1860 590 1946 pietate
614 1866 724 1926 motus
749 1866 809 1939 est,
832 1866 881 1938 ut,
905 1866 1032 1926 remoto
1058 1862 1195 1948 ambage
1216 1867 1252 1927 et
1274 1861 1417 1927 obscuri-

360 1965 429 2026 tate
457 1963 646 2040 verborum,
677 1985 753 2049 quse
788 1963 825 2027 in
848 1962 1010 2048 colloquio
1026 1962 1116 2049 quod
1138 1983 1213 2028 cum
1236 1962 1307 2048 ipso
1332 1961 1418 2029 Gre-

360 2063 472 2128 tienus
515 2064 678 2130 habuerat
716 2064 876 2130 universo
912 2065 1120 2142 turbaverat,
1154 2085 1269 2151 pacem
1311 2064 1418 2130 erchi-

360 2165 511 2250 episcopo
536 2166 668 2251 suisque
691 2166 893 2243 concederet,
910 2166 1084 2252 ipsumque
1107 2187 1168 2232 suu
1189 2166 1361 2253 suscipere,
1384 2172 1419 2231 ct

358 2286 434 2332 cum
468 2267 593 2333 honore
616 2267 737 2337 Deict
760 2268 917 2334 libertate
949 2267 1094 2335 ecdesiae
1116 2268 1290 2354 possidere,
1322 2269 1417 2335 nulle

360 2368 522 2455 regalium
545 2369 827 2435 consuetudinum
849 2369 966 2435 habite
988 2369 1165 2447 mentione,
1196 2370 1412 2455 promitteret.

360 2469 442 2550 Quos
475 2491 553 2536 cum
587 2471 721 2538 domino
753 2469 1000 2551 cantuariensi,
1022 2475 1183 2558 presente
1216 2469 1417 2541 Francorum

357 2592 433 2657 rege
456 2573 558 2638 comit
571 2594 656 2658 eque
678 2570 869 2639 Tbeobuldo
892 2573 1084 2658 caeterisque
1108 2573 1165 2659 qui
1186 2580 1417 2652 convenerant,

193 2689 226 2736 [ts
240 2688 338 2737 failure.
358 2671 464 2757 primo
487 2674 766 2759 complacuissent
778 2698 787 2754 ;
808 2673 1031 2760 postmodum,
1053 2695 1091 2740 eo
1114 2673 1203 2760 quod
1225 2673 1289 2739 sibi
1312 2675 1416 2741 domi·

357 2795 420 2838 nus
447 2796 508 2839 rex
544 2775 695 2863 negabat
716 2774 876 2853 osculum,
899 2775 1075 2862 repudiate
1108 2781 1195 2842 sunt.
1241 2774 1417 2862 Speremus

357 2878 446 2953 vero',
467 2877 563 2962 [ιώ]εἰ
587 2877 677 2964 quod
699 2897 789 2944 nunc
810 2874 948 2942 minus⁰
969 2880 1082 2943 ectum
1114 2882 1173 2957 est,
1196 2877 1232 2943 in
1254 2877 1415 2965 colloquio

189 2984 280 3096 {lues
358 2978 447 3063 quod
481 2979 573 3045 inter
603 3000 696 3066 reges
729 2980 783 3045 die
815 2978 907 3045 beati
939 2978 1062 3046 Hilnrii
1093 2979 1234 3046 Turonis
1265 2979 1416 3047 futurum

189 3064 337 3165 effnnssessnoe
358 3086 416 3158 est,
459 3080 604 3148 Domino
639 3083 793 3167 juvante,
831 3081 1064 3168 complendum
1102 3081 1197 3168 [sit].⁷
1242 3083 1325 3149 Haec
1363 3105 1416 3150 me

190 3182 334 3296 tophel}
357 3203 456 3250 ceusu
479 3184 619 3261 detinet,
642 3185 709 3250 iste
731 3188 917 3251 remoretur
950 3184 1084 3262 occasio,
1107 3190 1148 3250 ut
1181 3206 1256 3251 cum
1288 3188 1414 3252 coeteris

190 3262 238 3294 on.
252 3263 292 3297 an.
337 3284 544 3370 ‘quaerendae
570 3286 645 3372 paci
679 3287 734 3374 pie
757 3285 971 3352 studentibus
1005 3306 1138 3373 opernm
1160 3283 1276 3366 dem;⁰
1310 3292 1348 3351 ut
1379 3288 1416 3352 in

357 3387 495 3473 longum
533 3392 704 3473 protracte
741 3387 902 3453 dissensio
940 3385 1006 3453 fine
1043 3386 1179 3453 tandem
1217 3387 1414 3452 terminetur

357 3493 480 3573 optato.
532 3488 631 3570 Quod
671 3491 699 3554 si
733 3490 776 3556 cd
810 3493 891 3554 vote
923 3488 1124 3575 precesserit,
1161 3487 1206 3553 ed
1243 3489 1415 3554 dominum

338 3610 478 3676 papam
520 3590 729 3656 visitandum
766 3613 809 3658 ne
847 3588 1020 3676 pertrahet
1050 3587 1181 3676 jamdiu
1218 3611 1317 3676 super
1353 3588 1416 3656 hoc

356 3696 513 3778 concepte
532 3692 712 3772 voluntes3
733 3714 769 3759 re
789 3712 883 3760 secus
911 3691 1086 3768 occidente,
1105 3689 1279 3777 compellet
1299 3692 1412 3757 edesse

356 3792 545 3860 necessitas.

187 3906 244 3956 'rue
256 3923 320 3971 pope
399 3893 520 3981 Agatis
544 3895 669 3980 itaque,
695 3895 871 3974 carissime,
894 3895 984 3984 quod
1006 3894 1178 3983 praesentis
1200 3893 1334 3961 articuli
1356 3901 1414 3975 est,

187 3974 289 4088 ffied
355 4015 483 4060 summo
518 3994 735 4083 supplicando
759 4000 794 4060 et
816 3995 985 4062 suadendo
1016 3994 1174 4081 pontifici,
1197 4015 1240 4061 ne
1272 3994 1324 4059 his
1356 3995 1415 4080 qui

186 4106 342 4220 ζῖῗῐῑὲξξιιιε
355 4096 564 4164 sermonibus
588 4096 656 4163 odii
681 4096 970 4164 circumdederunt
995 4118 1048 4163 me
1080 4096 1180 4162 fidem
1202 4096 1333 4174 hebeat,
1355 4117 1415 4162 nec

182 4237 304 4288 coemi-3⁸.

391 4323 398 4355 ¹
417 4322 596 4391 appellationi,
607 4323 664 4376 Liv.
948 4323 959 4356 ⁶
977 4323 1083 4384 mistae,
1093 4320 1150 4373 Liv.

390 4400 402 4433 ³
418 4402 525 4462 Maria,
537 4401 587 4452 ins.
599 4401 655 4454 Liv.
948 4400 1019 4462 hir,
1035 4400 1106 4461 Lim
1129 4408 1176 4464 cst,
1192 4400 1241 4452 bnt
1257 4401 1344 4453 struck
1361 4408 1416 4462 out,

390 4482 401 4513 ³
418 4481 555 4544 contingat,
568 4481 624 4532 Liv.
915 4481 966 4531 Ψ.

389 4559 399 4591 ⁴
414 4558 498 4624 pacis,
512 4557 570 4609 Liv.
843 4598 846 4603 ,
947 4559 959 4591 ⁸
978 4558 1071 4622 demus,
1083 4559 1140 4612 niv.

387 4635 398 4666 ⁶
417 4645 454 4697 ut,
467 4635 514 4688 ins.
529 4636 585 4686 Liv.
635 4640 637 4644 ’
