3278 5662
376 806 440 869 308
799 856 801 861 .
820 821 999 870 nrrsromn.
1239 809 1316 891 [an
1335 804 1430 875 1170.

374 1016 441 1074 tem
465 1012 661 1094 procuraret.
707 1007 944 1072 Titnbantibus
966 1007 1130 1093 apostolis,
1147 1007 1425 1095 fugientibusque,

374 1115 408 1174 et
448 1109 560 1194 (quod,
587 1108 691 1194 magis
728 1110 792 1189 est)
826 1109 862 1171 in
894 1109 1067 1194 perfidiam
1105 1109 1214 1196 lapsis
1241 1103 1423 1176 Dominum
1521 1108 1525 1114 ’

374 1212 519 1297 passioni
542 1211 711 1276 addictum
740 1211 913 1295 [sanctie]l
941 1217 1122 1296 prosecutae
1155 1221 1235 1277 sunt
1260 1212 1422 1289 mulieres,

374 1319 408 1378 et
436 1313 537 1399 (quod
574 1311 741 1398 amplioris
774 1321 824 1376 est
864 1313 939 1377 tidei
977 1314 1190 1379 manifestum
1225 1314 1422 1400 indiciumff)

373 1419 474 1484 etiam
497 1422 626 1481 mortno
650 1412 845 1498 [fideliter]³
876 1414 1048 1492 obsecutae,
1072 1418 1288 1481 meruerunt⁴
1325 1439 1423 1505 ange·

373 1520 479 1584 lorum
495 1518 567 1582 visu
586 1522 620 1582 et
636 1514 780 1599 alloquio
796 1514 983 1591 confortari,
999 1521 1034 1580 et
1057 1518 1225 1603 percipere
1240 1518 1423 1585 Dominicoe

373 1619 619 1686 resurrectionis
642 1616 815 1704 primitias,
832 1623 875 1693 et,
898 1616 1079 1681 latentibus
1101 1618 1278 1703 apostolie⁵
1301 1625 1335 1683 et
1358 1618 1423 1684 sere

373 1720 599 1807 desperatione
615 1719 801 1794 submersis,
816 1717 1032 1803 redemptoris
1055 1718 1193 1804 gloriam
1210 1727 1244 1785 et
1259 1721 1424 1807 evangelii

372 1823 514 1907 gratiam
527 1821 699 1885 'mmtiare
747 1819 923 1904 Speremus
946 1826 1058 1884 autem
1082 1828 1115 1885 te
1139 1823 1175 1885 in
1198 1823 1337 1899 illarum,
1353 1822 1424 1888 Deo

371 1929 513 2000 auctore,
536 1922 751 1987 transituram
786 1942 853 1985 esse
885 1918 1095 1999 consortium,
1128 1945 1276 2008 quarum,
1301 1921 1425 1989 Christi

371 2026 440 2091 zelo
478 2046 640 2100 succensa,
662 2021 882 2109 apprehendis
916 2023 1130 2109 exemplum,
1162 2026 1241 2110 quia
1281 2011 1423 2111 spiritus

371 2127 520 2194 caritatis
542 2127 636 2212 quia
658 2125 755 2191 corde
780 2130 839 2190 tuo
864 2125 1015 2191 timorem
1038 2126 1177 2211 expulit,
1201 2149 1259 2213 per
1281 2127 1422 2214 gratiam

370 2250 464 2294 suam
487 2228 587 2293 faciet
609 2231 649 2291 ut
681 2226 752 2303 tihi,
787 2225 866 2319 licet
889 2227 999 2319 ardua·
1016 2227 1194 2293 videantur
1216 2250 1291 2314 qum
1313 2250 1422 2294 neces·

370 2331 451 2396 sitas
477 2321 632 2395 ¹ccclesiae
679 2329 751 2393 fieri
786 2329 992 2394 constantius
1027 2336 1061 2394 et
1095 2330 1275 2395 instantius
1308 2330 1423 2416 exigit,

166 2498 168 2503 ,
369 2454 436 2497 non
475 2431 572 2517 modo
609 2429 787 2516 possibilia,
825 2430 883 2494 sed
919 2428 977 2494 et6
1012 2430 1123 2497 facilia
1146 2430 1235 2496 sint⁷
1268 2431 1422 2497 credenti.

199 2533 443 2601 rodericernflac
469 2555 545 2620 ergo
569 2534 609 2598 de
632 2532 759 2619 fervore
783 2554 881 2618 quem
915 2531 1017 2621 habes
1050 2533 1085 2619 in
1108 2532 1252 2598 Domino
1268 2555 1324 2619 spe
1347 2554 1423 2599 con-

200 2600 470 2725 isiiilmeroepta,
496 2637 557 2703 tibi
592 2634 794 2709 mandamns,
830 2640 864 2698 et
896 2634 931 2697 in
963 2635 1185 2699 remissionem
1218 2640 1423 2721 peccatorum

197 2731 354 2847 ggssffihw
368 2739 580 2827 injungimus,
593 2733 603 2752 ⁸
616 2731 779 2822 quatenus
810 2734 934 2800 literas
955 2734 1081 2799 domini
1116 2757 1218 2822 papae,
1254 2757 1336 2821 quas
1358 2735 1422 2800 tibi

282 2832 287 2847 ’
315 2834 321 2846 ’
368 2844 541 2919 mittimus,
564 2839 746 2906 venerabili
761 2894 764 2899 ,
779 2839 876 2902 fratri
896 2844 1023 2903 nostro
1055 2838 1195 2924 Rogerio
1228 2838 1422 2905 Eboracensi

366 2941 609 3029 archiepiscopo
633 2940 753 3016 tradas,
776 2940 804 3004 si
828 2939 899 3003 fieri
931 2944 1041 3024 potest
1064 2939 1282 3024 praesentibus
1304 2939 1423 3025 aliqui·

366 3048 429 3112 bus
452 3044 517 3111 dc⁸.
538 3044 693 3123 fratribus
713 3048 763 3107 ,et
796 3041 1008 3127 coepiscopis
1043 3041 1164 3106 nostris
1176 3065 1184 3121 ;
1215 3046 1275 3106 aut
1306 3041 1333 3104 si
1368 3063 1422 3108 eos

366 3154 543 3235 praesentes
565 3145 687 3211 habere
709 3142 906 3228 nequiveris,
930 3142 992 3209 hoc
1015 3143 1124 3228 ipsum
1147 3142 1251 3208 facias
1280 3142 1316 3206 in
1339 3163 1420 3229 prae·

367 3251 475 3316 sentia
497 3251 609 3316 eorum
646 3267 728 3332 quos
761 3244 875 3310 adesse
899 3245 1083 3330 contigerit.
1130 3245 1175 3309 Et
1197 3266 1239 3336 ne
1262 3245 1420 3331 originale

366 3353 526 3436 scriptum
549 3347 789 3433 aliqua'possit
822 3347 1097 3432 tergiversatione
1120 3345 1419 3435 supprimitrans-

367 3454 511 3538 criptum
534 3449 604 3534 ejus
635 3449 810 3534 legendum
843 3448 1133 3514 circumstantibus
1165 3451 1284 3528 tradas,
1308 3454 1342 3515 et
1364 3449 1420 3524 eis,

367 3557 466 3641 prout
481 3552 611 3639 plenius
635 3557 667 3615 te
691 3550 830 3614 nuntius
853 3550 1004 3626 instruet,
1021 3558 1165 3616 mentem
1181 3553 1308 3638 aperias
1330 3551 1421 3615 litte-

367 3677 486 3722 rarum.
533 3653 651 3719 Labori
674 3656 742 3728 tuo,
766 3651 847 3727 filia,
870 3653 1045 3737 praemium
1068 3654 1192 3738 grande
1215 3654 1419 3740 proponitur,

367 3756 514 3823 remissio
544 3760 763 3842 peccatorum,
785 3754 913 3819 fructus
937 3754 1221 3831 immarcessibilis,
1246 3760 1280 3820 et
1303 3777 1421 3821 corona

366 3861 479 3949 gloriae
502 3880 601 3945 quam
635 3855 770 3921 tandem
805 3856 913 3920 beatae
936 3856 1132 3941 peccatrices
1165 3857 1363 3944 Magdulena
1384 3864 1419 3923 et

367 3960 573 4049 AEgyptiaca,
606 3959 723 4024 deletis
757 3957 861 4022 totius
899 3962 1062 4022 anteactae
1100 3959 1181 4024 vitae
1219 3959 1366 4035 maculis,
1399 3981 1420 4024 a

364 4065 499 4153 Christo
517 4062 659 4127 Domino
674 4065 878 4147 receperunt.
918 4060 1037 4126 Aderit
1059 4060 1123 4125 tibi
1146 4061 1419 4127 mater⁹mise1i·

399 4350 407 4382 1
424 4352 526 4407 mem,
539 4347 578 4406 ῦς
595 4360 645 4394 cm.
659 4343 694 4402 A,
706 4343 735 4403 Ζ,
744 4342 776 4392 L.
949 4339 960 4371 ⁸
977 4338 1104 4401 apostola,
1124 4306 1205 4403 A,VZ,
1223 4342 1260 4404 113
1280 4341 1417 4409 discipulis,

398 4439 551 4495 raucarum,
562 4451 613 4486 om.
624 4435 656 4485 L.
916 4417 949 4469 G·

397 4529 543 4596 malim,
555 4527 598 4589 05
615 4503 665 4576 dm.
680 4526 714 4585 A,
725 4524 755 4585 L
769 4525 799 4575 Z·
949 4496 960 4530 ⁶
976 4505 1068 4557 raom.
1080 4499 1113 4549 L.

398 4626 482 4673 ems
493 4617 607 4686 fideliter
624 4615 753 4667 obsecutoe.
791 4613 866 4666 Unde
948 4575 1149 4720 :xxxma
1160 4658 1279 4721 ΜΨ
1291 4661 1418 4721 mm·

362 4724 386 4768 et
399 4720 549 4772 mmmm,
560 4709 594 4764 G.
893 4737 895 4741 ⁴
948 4734 959 4768 ⁹
977 4737 1108 4800 ancistro,
1121 4737 1154 4788 L.
