3278 5662
260 757 325 809 an.
349 739 454 823 illo]
694 755 872 805 emersus.
927 773 929 778 ·
1247 738 1311 802 209

262 945 359 1021 ueris,
381 945 470 1029 quod
493 945 557 1009 tibi
581 945 684 1030 magis
715 944 880 1009 eredimus
904 943 1059 1028 expedire
1092 963 1192 1027 quam
1215 947 1309 1007 tuam

259 1049 411 1131 prosequi
435 1047 699 1132 appellationem.
745 1047 782 1110 si
805 1051 917 1115 autom
940 1044 1197 1130 appellationem
1225 1044 1309 1108 dux-

258 1150 322 1211 eris
345 1150 615 1234 prosequendam,
639 1170 699 1213 nos
733 1169 906 1233 personam
930 1153 1022 1211 tuam
1050 1146 1194 1210 libenter
1217 1145 1309 1210 vide·

258 1250 375 1328 bimus,
392 1256 434 1331 et,
458 1252 644 1316 rationibus
667 1251 736 1315 tuis
760 1251 938 1336 diligenter
952 1251 1078 1314 auditis
1101 1255 1136 1313 et
1156 1249 1308 1335 eognitis,

258 1372 355 1435 super
377 1351 449 1428 hoe,
472 1351 653 1417 seeundum
676 1352 764 1436 quod
787 1349 883 1415 nobis
907 1350 1070 1415 Dominus
1093 1350 1306 1416 administra-

259 1453 352 1530 verit,
364 1452 596 1538 judieabimus.
635 1453 731 1532 Quod
754 1454 782 1517 si
805 1452 845 1525 a¹
864 1452 1041 1536 jamdicto
1063 1452 1306 1537 archiepiscopo

257 1558 290 1618 et
312 1554 463 1643 episeopo
486 1553 614 1621 absolvi
638 1553 791 1632 volueris,
814 1553 878 1643 ipsi
902 1559 944 1631 te,
960 1555 1160 1619 auctoritate
1183 1559 1305 1631 nostra,

257 1655 437 1733 absolvent,
461 1659 510 1727 ita
532 1655 666 1743 quidem
693 1664 732 1720 ut
754 1675 813 1740 pro
829 1677 867 1720 eo
891 1656 979 1740 quod
1003 1656 1305 1728 exeommunieatus

258 1757 374 1833 fueras,
389 1757 518 1822 nullum
542 1758 666 1823 ordinis
688 1763 749 1822 aut
771 1756 868 1822 officii
892 1778 948 1821 seu
974 1757 1148 1842 diguitatis
1178 1760 1305 1844 perieu-

259 1854 336 1933 lum,
360 1866 467 1942 neque
490 1858 636 1945 aliquam
671 1857 821 1922 infamiae
844 1861 958 1922 notam
983 1858 1102 1922 debeas
1133 1861 1302 1925 sustinere.

259 1957 380 2023 Verum
404 1960 430 2022 si
465 1965 603 2045 uterque
638 1960 770 2025 illorum
805 1959 858 2024 his
893 1960 1111 2045 exsequendis
1147 1961 1302 2027 interesse

257 2080 323 2124 non
355 2061 486 2146 poterit,
509 2062 594 2126 alter
628 2062 729 2146 (sieut
761 2062 888 2127 dietum
923 2063 990 2143 est)
1024 2084 1063 2125 ea
1085 2061 1302 2127 nihilominus

256 2167 462 2247 exsequatur,
485 2168 519 2227 et
542 2163 722 2227 venerabili
754 2164 849 2228 fratri
883 2168 997 2228 nostro
1029 2162 1162 2228 Thomae
1196 2164 1302 2229 arehi-

257 2264 407 2350 episcopo
431 2263 664 2329 (lantuariensi
688 2287 729 2329 ex
761 2269 855 2350 parte
878 2271 992 2329 nostra
1024 2264 1204 2351 praecipiat,
1228 2287 1302 2332 neu·

257 2386 323 2429 non
358 2371 391 2429 et
414 2366 449 2428 in
472 2365 596 2432 virtute
629 2365 826 2431 obedientie
857 2366 1018 2451 injunget,
1052 2367 1141 2451 quod
1172 2366 1302 2433 absolu-

258 2468 380 2531 tionem
416 2473 507 2532 tuam
540 2468 702 2534 occultam
741 2467 862 2534 habeat
894 2473 929 2533 et
961 2468 1095 2532 omnino
1134 2473 1302 2544 secretam,

258 2569 358 2634 donee
381 2570 504 2656 absque
527 2570 672 2655 periculo
696 2576 754 2634 tuo
779 2569 888 2636 valeat
912 2569 1086 2659 propalari.

302 2671 346 2735 Et
368 2668 544 2756 quoniam2
566 2671 705 2735 dilectus
738 2671 826 2734 filius
860 2678 971 2736 noster
1003 2673 1160 2758 magister
1182 2675 1303 2748 David,
1316 2686 1411 2799 Ἓξ

258 2773 399 2839 eeclesias
423 2780 489 2840 tuae
512 2773 697 2851 eanonicus,
720 2774 773 2836 vir
798 2774 910 2860 utique
934 2776 1110 2852 litteratus,
1134 2777 1293 2861 providus
1316 2752 1339 2798 ¹)

258 2881 292 2940 et
306 2876 474 2952 discretus,
498 2882 532 2941 et
563 2875 626 2941 tibi
660 2876 762 2941 etiam
798 2875 1015 2953 fidelissimus,
1037 2878 1128 2965 apud
1160 2901 1220 2945 nos
1243 2830 1302 2967 pro
1314 2831 1430 2936 mlii

256 2979 389 3063 negotio
421 2984 488 3055 tuo,
512 2983 579 3042 tem
612 2982 736 3043 seereto
771 2997 870 3063 quam
905 2976 1042 3063 publice,
1065 3001 1175 3045 eoram
1207 2980 1301 3047 uobis

256 3085 290 3143 et
312 3079 469 3144 fratribus
492 3081 613 3144 nostris
636 3079 775 3144 sollicite
798 3078 933 3154 institit,
957 3085 990 3144 et
1004 3080 1075 3165 ejus
1098 3083 1302 3148 exsecutioni

257 3203 385 3246 omnem
424 3204 523 3267 quam
556 3182 675 3268 potuit,
708 3187 743 3246 et
780 3181 882 3245 etiam
917 3181 1006 3247 ultra
1040 3204 1141 3268 quam
1175 3185 1301 3262 debuit,

256 3284 402 3347 studium
426 3288 460 3348 et
483 3282 690 3369 diligentiam
712 3282 869 3348 adhibere
900 3285 1039 3361 curavit,
1070 3286 1300 3352 discretionem

256 3390 355 3460 tuam,
371 3407 429 3470 per
451 3384 630 3470 apostoliea
652 3384 784 3470 scripta,
800 3405 953 3469 rogamus
979 3387 1143 3452 attentius
1165 3392 1200 3451 et
1232 3409 1300 3453 mo·

254 3510 378 3563 nemus,
400 3492 565 3573 quatenus
588 3486 726 3550 eundem
750 3508 809 3572 pro
833 3487 1018 3552 reverentia
1040 3487 1129 3553 beati
1152 3488 1244 3553 Petri
1266 3496 1301 3554 et

255 3595 375 3665 nostra,
398 3594 432 3654 et
465 3589 604 3652 obtentu
639 3587 691 3650 sui
725 3587 838 3673 ipsius,
862 3588 950 3672 quod
984 3589 1046 3653 tibi
1079 3588 1159 3655 adeo
1192 3590 1300 3655 fidelis

254 3697 289 3755 et
311 3691 450 3755 devotus
481 3689 623 3764 exstitit,
645 3686 768 3752 habeas
798 3689 990 3774 propensius
1025 3691 1299 3768 commendatum,

254 3812 314 3857 nee
350 3792 508 3856 adversus
547 3812 621 3855 eum
652 3790 764 3879 pravis
801 3789 990 3877 aliquorum
1033 3791 1299 3877 suggestionibus

253 3895 374 3972 eredas,
399 3894 513 3959 uelde
547 3893 650 3983 ipsius
685 3893 721 3955 in
743 3891 854 3976 aliquo
885 3891 1046 3957 fidelitate
1080 3891 1218 3969 diffidas,
1241 3893 1299 3959 sed

253 3997 324 4081 ejus
347 3996 540 4081 obsequium
571 3996 620 4059 ita
652 4014 840 4059 remuneres
864 3995 951 4078 quod
984 3995 1053 4079 ipse
1085 3995 1149 4059 tibi
1172 4000 1207 4060 et
1229 3996 1298 4059 tuis

252 4098 371 4163 debeat
394 4099 482 4162 omni
515 4103 662 4182 tempore
696 4094 802 4159 fidelis
833 4099 867 4158 et
900 4096 1040 4160 devotus
1073 4096 1241 4172 exsistere,
1263 4101 1299 4160 et

251 4221 320 4275 nos,
343 4199 378 4262 id
409 4204 540 4284 gratum
574 4202 811 4283 aeeeptumque
844 4202 1002 4275 tenentes,
1025 4196 1194 4265 affectioni
1228 4202 1297 4264 tuse

251 4299 449 4384 multiplices
471 4299 549 4363 inde
571 4298 697 4386 gratias
722 4302 896 4363 teneamur
918 4298 1046 4364 referre.

295 4402 421 4467 Datum
445 4400 638 4479 Beneventi,
660 4401 694 4465 ii.
717 4400 790 4465 idus
816 4399 994 4465 Februar..

1029 4525 1298 4538 -—..‚.—--.

285 4579 292 4610 ¹
311 4596 337 4639 a,
349 4594 399 4629 om.
412 4579 444 4628 D.
764 4575 770 4642 Ι
827 4576 838 4608 ²
855 4593 936 4639 φησι,
949 4578 981 4630 G.

339 4753 354 4785 o
369 4737 457 4785 laste.
1142 4754 1164 4802 0
