3278 5662
200 1629 309 1678 Remos-

199 1693 306 1758 strating
318 1709 346 1742 as

199 1768 226 1810 to
238 1761 337 1810 absolu·

199 1825 253 1875 tion
264 1827 295 1875 of

198 1891 291 1941 Foliot.

809 782 990 832 nrisrons.
1230 765 1310 849 [an.
1328 766 1425 834 117o

842 1085 991 1152 DOLXI.

414 1234 560 1300 Tuouss
584 1234 867 1300 (taurusmnusrs
890 1249 1185 1300 sncmnrrscorus
1208 1235 1376 1298 Rorsono

601 1337 880 1402 Romourcuusr
904 1351 1185 1402 rncmsrrscoro.

489 1488 537 1549 (Α.
550 1491 615 1546 238;
633 1488 664 1539 Ο.
678 1488 704 1537 ii.
716 1492 783 1548 ‘2483
801 1489 830 1538 Z.
842 1505 867 1538 v.
882 1493 924 1549 193
943 1490 1008 1552 Lup.
1020 1505 1046 1538 v.
1060 1492 1105 1546 193
1123 1487 1215 1536 Thom.
1229 1489 1297 1546 107.)

414 1618 547 1683 Gratias
570 1619 698 1704 agimus
732 1618 901 1683 dilectioni
927 1624 1058 1694 vestrae,
1082 1639 1156 1702 quse
1178 1616 1283 1681 nostri
1306 1635 1418 1681 curam

367 1721 476 1807 gerit3
513 1722 571 1785 sed
610 1723 738 1786 utinam
775 1727 886 1786 vestra
924 1720 1121 1797 sollicitudo,
1160 1721 1195 1784 in
1226 1719 1285 1784 illa
1316 1738 1414 1803 quam

368 1823 477 1888 dicitis
508 1823 651 1909 episcopi
693 1824 932 1889 Londoniensis
974 1824 1189 1898 absolutionc,
1227 1822 1420 1887 mandatum

367 1925 492 1990 domini
515 1944 610 2010 papae
635 1947 701 1989 non
725 1925 925 1990 excessisset.
973 1922 1072 1989 Scitis
1104 1924 1192 1988 enim
1223 1922 1303 2008 quid
1327 1920 1420 1986 vobis

366 2027 401 2090 in
432 2028 598 2093 communi
623 2027 754 2114 negotio
789 2025 883 2089 sino¹
906 2025 1030 2112 collega
1061 2025 1192 2092 licuerit
1225 2024 1420 2111 (praesertim

366 2149 441 2192 cum
464 2127 520 2192 ille
543 2129 689 2192 nondum
714 2134 899 2192 conventus
922 2127 1031 2202 fuerit,
1055 2148 1114 2191 nec
1138 2126 1311 2191 constabat
1333 2124 1420 2210 quod

366 2228 475 2292 illesi
511 2229 740 2294 conveniretur
783 2250 849 2293 non
884 2234 993 2314 posset
1027 2228 1147 2305 adesse,
1172 2228 1229 2312 qui
1263 2248 1324 2292 nec
1346 2248 1421 2292 oon·

366 2338 486 2397 ventus
509 2332 573 2412 est)
611 2353 685 2397 cum
718 2340 797 2396 tunc
830 2330 961 2395 demum
997 2330 1093 2395 alteri
1117 2335 1264 2394 vestrum
1294 2316 1421 2414 aliquid

365 2435 400 2496 in
424 2434 485 2499 hac
500 2453 600 2498 causa
624 2432 765 2512 licuerit,
782 2432 810 2496 si
834 2432 919 2497 alter
942 2432 1055 2497 adesse
1078 2453 1146 2496 non
1168 2437 1284 2518 posset.
1324 2431 1420 2497 Hanc

364 2536 452 2599 enim
476 2534 698 2600 conditionem
723 2534 879 2597 dominus
903 2554 989 2619 papa
1023 2533 1138 2597 inserit
1170 2553 1268 2617 quam
1291 2537 1420 2597 constat

363 2658 430 2701 non
462 2637 640 2713 exstitisse,
666 2642 705 2699 ut
728 2636 849 2700 exinde
884 2634 1021 2700 fortasse
1056 2640 1183 2700 constet
1218 2634 1420 2719 sapientibus

363 2759 406 2803 an
429 2738 556 2823 aliquid
590 2744 703 2802 actum
729 2737 773 2801 sit
797 2735 973 2802 deficiente
1008 2736 1204 2801 conditione.
1251 2733 1316 2800 Sed
1339 2736 1419 2822 quid

363 2840 427 2905 iste
459 2839 717 2925 protrahimus?
775 2838 842 2902 Vos
874 2837 967 2903 scitis
1002 2837 1082 2921 quid
1114 2837 1254 2922 egeritis,
1288 2842 1322 2901 et
1352 2858 1420 2914 nos,

363 2940 433 3006 Deo
471 2947 616 3017 auctore,
655 2941 735 3024 quid
771 2936 888 3003 nobis²
922 2944 1088 3023 competat
1125 2958 1191 3003 non
1224 2939 1420 3026 ignoramus.

363 3041 457 3121 Quod
482 3048 594 3106 autem
619 3041 800 3125 praecipitis
836 3060 904 3103 esse
937 3045 1106 3117 secretum,
1135 3040 1296 3123 quomodo
1319 3061 1420 3106 secre-

362 3151 435 3208 tum
458 3165 525 3208 esse
550 3140 686 3207 valeat³
701 3148 878 3226 procurent
902 3141 959 3225 qui
983 3141 1196 3225 possunt-si
1219 3141 1276 3225 qui
1300 3147 1420 3207 tamen.

363 3244 450 3324 Quia
472 3250 654 3328 antequam
680 3243 876 3307 mandatum
902 3250 1050 3306 vestrum
1082 3243 1307 3326 reciperemus,
1330 3244 1421 3328 apud

361 3345 444 3410 nos4
474 3344 727 3411 cantitabatur⁵
758 3345 792 3406 in
825 3344 987 3429 compitis,
1016 3350 1051 3408 et
1080 3343 1169 3428 apud
1200 3343 1283 3407 vos⁶
1314 3345 1418 3428 ipsius

363 3446 601 3511 Londoniensis
625 3445 802 3529 diligentia
826 3444 1037 3530 divulgatum
1061 3450 1120 3520 est,
1144 3444 1202 3528 qui
1225 3444 1261 3506 in
1283 3444 1418 3511 civitate

363 3546 493 3611 vestra⁷
535 3554 569 3612 et
606 3548 642 3610 in
682 3546 817 3612 ccclesia
855 3547 1047 3612 solemniter
1084 3545 1200 3611 divina
1231 3545 1417 3612 celebravit.

364 3645 503 3711 Valcte.⁸

398 3875 405 3906 ¹
420 3876 485 3935 sim,
497 3891 547 3925 om.
561 3876 593 3926 Ο.
893 3888 896 3911 ¹
950 3877 960 3907 ⁵
979 3875 1163 3937 cantitabatur,
1184 3877 1212 3935 Z,
1235 3875 1274 3933 G;
1300 3876 1421 3926 casalata·

395 3954 406 3987 ²
422 3953 500 4013 natis,
512 3957 545 4014 A,
557 3954 590 4017 0,
604 3956 639 4014 Z;
658 3954 736 4017 uobis,
747 3955 778 4015 L,
791 3955 823 4007 G.
918 3963 968 4014 tar,
980 3954 1010 4003 L.

396 4034 406 4066 ³
424 4033 478 4082 The
487 4033 585 4097 printed
592 4034 677 4098 copies
687 4035 760 4097 place
769 4050 784 4083 a
793 4035 866 4083 mark
951 4033 961 4064 ⁶
978 4049 1032 4093 nos,
1043 4033 1073 4082 L.

361 4113 389 4162 of
400 4112 582 4180 interrogation
594 4114 658 4163 alter
674 4111 766 4162 valeat.
952 4112 962 4147 7
981 4118 1072 4171 vestra,
1084 4111 1119 4171 A,
1131 4111 1169 4172 0;
1188 4120 1285 4172 uoslra,
1297 4113 1327 4172 1,
1340 4114 1372 4165 G.

397 4191 517 4252 ⁴uos,L.
953 4189 963 4217 ⁹
987 4189 1083 4249 Valere,
1096 4189 1176 4250 O,Z;
1194 4190 1290 4242 amal.
