3278 5662
187 875 251 926 nu.
271 859 383 942 illiti]
630 870 810 919 solerols.
1217 853 1235 912 9

185 1058 261 1135 lete,
298 1058 460 1142 latorique
499 1057 722 1144 praesentium,
761 1056 791 1119 si
829 1053 946 1144 placet,
985 1052 1085 1118 fidem
1116 1050 1236 1116 habete

186 1181 283 1247 super
305 1159 358 1224 hie
380 1181 455 1244 quae
477 1159 572 1225 vobis
594 1180 637 1224 ex
659 1164 754 1244 parte
777 1161 890 1223 nostra
910 1154 1041 1241 plenius
1063 1153 1143 1218 viva
1158 1173 1236 1218 voce

186 1261 401 1326 intimaverit

532 1477 869 1488 ·.——-——-.--.-

578 1713 585 1725 ,
615 1606 804 1709 nnxxrv.

248 1794 394 1860 Tnouss
416 1793 699 1862 Gaurusarnasrs
722 1807 1015 1858 sacmnmsoorus
1038 1802 1176 1856 cuman

655 1911 770 1962 aureo.

450 2051 497 2111 (Ο.
509 2048 525 2099 i.
535 2055 585 2110 ⁸⁴5
602 2050 668 2111 nup.
681 2048 715 2098 iii.
731 2053 777 2109 la;
795 2048 887 2100 Thom.
903 2051 971 2109 176.)

235 2179 384 2256 Thomas,
427 2180 491 2244 Dei
534 2179 642 2266 gratia
681 2179 929 2246 cantuariensis
966 2177 1236 2264 archiepiscopus,

191 2280 310 2348 dilecto
332 2302 392 2347 suo
420 2280 451 2344 N
477 2333 483 2346 .
508 2330 515 2346 .
541 2331 548 2346 .
571 2281 712 2346 alutem
745 2286 780 2346 et
813 2282 948 2346 sincerae
971 2279 1156 2346 dilectionis
1187 2279 1237 2343 ai-

192 2380 336 2448 fectum.l

236 2485 361 2550 Noscat
382 2484 515 2551 dilectio
537 2491 598 2550 tua
628 2505 698 2562 nos,
721 2485 847 2550 Divina
879 2486 1015 2550 favente
1046 2484 1163 2570 gratia
1186 2505 1237 2550 sa·

190 2608 249 2653 nos
265 2590 300 2651 et
321 2584 508 2662 incolumes,
524 2592 558 2651 et
580 2588 692 2651 omnia
708 2586 776 2653 lore
799 2607 961 2674 prospera.
1001 2585 1051 2650 De
1074 2591 1141 2651 tuse
1165 2585 1238 2669 qui-

191 2689 265 2754 dem
287 2688 475 2752 dilectionis
506 2688 696 2753 sinceritate
718 2689 896 2754 admodum
931 2687 1114 2773 plenariam
1148 2706 1239 2773 spem

191 2790 379 2854 obtinentes
410 2794 509 2875 atque
541 2788 705 2866 fiduciam,
744 2790 805 2855 tibi
844 2790 1038 2855 mandamus
1076 2794 1240 2874 quatenus

192 2912 251 2977 per
271 2891 408 2956 latorem
431 2893 645 2976 presentium
661 2893 714 2957 vel
739 2913 796 2977 per
818 2878 921 2957 alium
943 2910 1017 2977 quse
1040 2891 1137 2955 matri
1163 2895 1239 2967 tuae,
1341 2965 1343 2969 ¹

193 2999 314 3059 smera
345 2991 582 3059 Cantuariensi
613 2993 766 3070 ecclesiae,
789 2999 824 3059 et
857 2991 959 3071 nobis,
984 2991 1157 3059 sollicitius
1189 2992 1240 3057 in-

193 3095 332 3181 quirens,
363 3095 494 3161 noveris
528 3097 692 3182 expedire,
726 3095 849 3180 absque
885 3095 1043 3161 dilatione
1078 3095 1240 3161 maturius

195 3217 345 3282 procures
366 3198 560 3282 significare.

628 3586 797 3652 DXXXV.

218 3740 377 3808 domans
401 3742 693 3808 Sannsssmmeffls
717 3756 917 3807 OONVENTUI
942 3742 1212 3806 Onasusmnusl.

365 3896 412 3957 (0.
428 3894 444 3944 i.
461 3900 493 3945 85
502 3915 509 3954 ;
529 3895 557 3943 Z.
570 3893 606 3943 iii.
620 3899 667 3952 ως
686 3893 749 3957 an.
763 3891 800 3942 ili.
816 3897 861 3951 193
880 3892 922 3944 Jo.
935 3895 990 3944 Sar.
1004 3897 1074 3956 289.)

238 4025 349 4101 Doleo,
373 4023 586 4100 dilectissimi,
611 4029 645 4088 et
677 4023 854 4088 admodum
885 4022 979 4089 doleo
1012 4023 1048 4088 in
1079 4025 1132 4089 his
1166 4044 1240 4110 quse
1253 4039 1360 4092 Dasea-

194 4128 235 4193 de
257 4134 368 4194 vestra
390 4127 600 4192 fraternitate
623 4126 815 4192 dictasunt
845 4127 937 4201 mihi,
960 4128 1116 4212 quoniam
1139 4108 1399 4239 echis-{ffngthe

194 4234 286 4294 mata
306 4230 343 4293 in
365 4228 460 4294 vobis
483 4234 570 4306 sunt,
595 4235 723 4293 utnon
746 4228 833 4293 idem
864 4229 1016 4294 sentiatis
1039 4232 1099 4293 aut
1122 4229 1240 4295 dicatis
1252 4239 1351 4291 mocks.

194 4333 229 4396 in
251 4330 402 4396 Domino.
450 4329 537 4394 Nam
561 4332 616 4414 (ut
638 4331 735 4394 aiunt
761 4328 819 4416 qui
841 4330 1145 4397 conversationeml
1167 4352 1239 4397 ves·

194 4440 279 4498 tram
301 4430 496 4498 familiarius
518 4430 700 4516 inspexisse
723 4435 758 4496 et
787 4431 1006 4517 perspicacius
1037 4432 1240 4499 intellexisse

195 4535 386 4615 creduntur)
420 4533 505 4597 alius
536 4539 684 4598 vestrum
716 4533 807 4611 dicit,
842 4534 911 4620 Ego
943 4556 1017 4599 sum
1051 4536 1145 4622 regis,
1180 4558 1240 4622 ego

208 4684 313 4694 —--·
321 4684 565 4695 ———----
808 4686 867 4692 κ..-
874 4686 893 4692 -
903 4684 1214 4697 -—.-....—....0....-..—

232 4759 238 4789 ¹
261 4757 364 4809 Thomas
383 4795 388 4808 .
408 4796 413 4808 .
433 4795 439 4808 .
457 4758 643 4823 uffaelmmm.
657 4763 688 4812 0.
712 4759 717 4826 Ι
771 4760 781 4792 ²
799 4763 1025 4824 cessasionem.
