3278 5662
189 778 258 828 an.
279 763 389 848 1175.]
631 777 812 827 nrrsroun.
1187 757 1251 828 567

187 964 382 1030 recordetur.
452 962 534 1048 Spes
572 962 725 1048 equidem
763 981 836 1027 mea
874 967 932 1038 est,
971 961 1059 1045 quod
1097 960 1249 1045 quotiens

187 1066 282 1130 nobis
315 1064 478 1130 Dominus
510 1064 678 1149 flagellum
708 1085 778 1129 sure
812 1063 1053 1149 indignationis
1091 1063 1248 1136 intentet,

187 1172 255 1230 stet
277 1171 405 1251 martyr
427 1166 464 1230 in
487 1165 708 1231 confractione
732 1186 792 1251 pro
809 1165 918 1240 -nobis¹
943 1168 1044 1249 atque
1067 1163 1246 1249 gemitibus

186 1267 461 1333 inenarrabilibus
485 1267 742 1334 misericordiam
767 1267 892 1352 judicis
915 1265 1132 1352 interpellat¹
1177 1252 1392 1370 Ex-‘ssffllff

187 1369 275 1435 sulte
308 1370 432 1456 Anglia
463 1369 604 1446 exsulta,
643 1370 800 1445 ooeidens,
843 1369 921 1454 quia
967 1369 1121 1434 visitavit
1158 1389 1218 1433 vos
1231 1367 1244 1407 ²
1257 1385 1409 1438 Thomasof

187 1473 294 1537 oriens
310 1494 351 1537 ex
367 1471 444 1537 alto.
489 1470 649 1537 Thomam
668 1471 853 1557 apostolum
875 1469 936 1535 in³
958 1470 1057 1537 India
1072 1471 1241 1535 orientalis
1254 1451 1397 1583 ffffylessl'sth

185 1575 274 1659 regio
292 1573 489 1659 jactitabat3
527 1575 585 1638 sed
617 1573 853 1640 occidentalem
883 1573 1030 1658 respexit
1061 1572 1240 1651 ecelesiam,
1252 1584 1296 1635 the
1307 1589 1406 1650 aposue

188 1675 254 1755 our
277 1677 313 1739 rn
335 1675 424 1741 eaeus
446 1673 579 1739 habiae
600 1680 635 1739 a
657 1674 795 1740 humilia
820 1673 962 1759 respicit.
1008 1673 1111 1738 neue
1126 1651 1378 1769 nomi-{qum

187 1799 254 1841 nus
272 1777 404 1862 Angliae
427 1776 587 1841 Thornam
618 1781 789 1856 nostrum3
826 1797 894 1841 non
916 1774 1104 1841 invidemus
1136 1776 1242 1842 Indiae

188 1878 347 1943 Thomam
371 1899 476 1942 suum.
523 1876 577 1942 Sit
600 1876 742 1942 Thomas
773 1877 942 1963 apostolus
973 1878 1011 1942 in
1043 1877 1161 1958 Indiu3
1198 1878 1243 1942 sit

188 1980 330 2044 Thomas
365 1983 493 2065 martyr
525 1984 637 2044 noster
670 1980 706 2043 in
739 1979 871 2065 Anglia,
905 1982 945 2043 ut
975 2000 1035 2065 per
1066 1979 1126 2044 hos
1161 1980 1243 2044 duos

186 2087 286 2148 testes
325 2079 461 2160 Christi,
485 2081 529 2146 ab
566 2085 641 2145 ortu
674 2079 751 2145 solis
786 2101 889 2165 usque
925 2080 968 2145 ad
1001 2101 1160 2159 oceasum,
1199 2081 1245 2146 sit

188 2182 353 2247 laudabile
376 2203 496 2247 nomen
519 2181 663 2247 Domini.
711 2181 776 2247 Eat
803 2182 862 2267 qui
884 2181 1030 2247 voluerit
1053 2182 1089 2246 in
1112 2182 1244 2248 Indiam

187 2285 231 2348 ad
269 2284 426 2369 suffragia
464 2283 554 2348 beati
591 2283 741 2369 apostoli,
779 2287 849 2348 tam
881 2282 981 2369 longa
1022 2285 1244 2370 peregrinatio

187 2388 286 2451 nimis
308 2387 471 2452 laboriosa
493 2392 543 2451 est
573 2385 663 2450 mihi.
710 2385 796 2450 Mihi
827 2384 948 2451 suffieit
979 2385 1121 2452 Thomas
1143 2409 1244 2455 meus.

186 2487 248 2552 Ille
269 2486 421 2573 palpavit
443 2486 531 2551 latus
562 2485 697 2551 Domini
731 2491 766 2550 et
798 2486 923 2551 fixuras
958 2484 1149 2565 clavorum;
1188 2486 1244 2552 illo

188 2590 266 2674 quia
288 2588 377 2653 vidit
400 2588 558 2653 eredidit:
598 2589 712 2651 beatus
744 2587 802 2676 qui
837 2607 904 2652 non
927 2586 1024 2666 vidit,
1047 2592 1081 2652 et
1103 2588 1245 2653 eredidit

189 2711 249 2755 neo
264 2689 444 2764 dubitavit,
460 2693 561 2774 atque
576 2687 805 2753 holocaustum
822 2686 955 2753 Christo
978 2693 1012 2752 et
1034 2709 1093 2773 pro
1110 2688 1244 2754 Christo

188 2815 221 2856 se
245 2791 376 2855 obtulit.
424 2790 502 2854 Non
525 2788 637 2854 laboro
672 2795 853 2874 martyrem
876 2791 1024 2876 apostolo
1047 2812 1242 2876 comparare,

186 2914 260 2957 eum
284 2891 453 2976 apostolus
480 2891 525 2954 sit
558 2890 663 2975 major
693 2895 859 2975 martyre3
889 2891 946 2955 sed
978 2891 1158 2977 gloriosum
1192 2899 1243 2958 ost

187 3016 247 3058 nos
269 2992 390 3057 habere
421 2995 603 3078 martyrem
636 2991 694 3076 qui
728 2990 869 3077 apostoli
903 3012 1024 3057 nomen
1055 2993 1185 3071 habeat,
1208 3000 1243 3060 et

186 3095 371 3179 apostolum
407 3092 574 3159 miraculis
611 3099 671 3159 aut
709 3094 861 3158 imitetur
895 3099 954 3159 eut
993 3095 1114 3162 vineat.
1162 3098 1240 3162 Non

194 3197 389 3282 indignetur
423 3195 602 3282 apostolus,
640 3196 718 3281 quia
752 3216 812 3261 neo
849 3195 1042 3281 indignatur
1079 3196 1242 3263 Dominus

193 3298 415 3383 apostolorum
461 3303 496 3362 et
541 3302 735 3382 martyrum,
780 3297 808 3360 si
854 3297 1049 3383 quandoque
1097 3299 1241 3384 Spiritus

191 3401 332 3465 Sanetus
351 3401 398 3463 ‘in
431 3398 621 3485 operatione
658 3399 825 3464 virtutum
864 3398 995 3485 plenius
1017 3406 1052 3464 et
1081 3401 1240 3468 celebrius

142 3490 145 3496 ’
188 3499 287 3565 alicui
310 3522 344 3565 se
360 3498 526 3564 infundit:
549 3499 623 3563 “Et
638 3499 735 3578 haeo,”
752 3499 863 3586 inquit
885 3499 1058 3578 Dominus
1076 3502 1239 3581 “facietis,

189 3611 204 3635 “
229 3606 263 3666 et
286 3602 412 3687 majora
434 3601 552 3666 horum
576 3600 731 3668 facietis.'’
754 3601 771 3636 ³
908 3599 927 3636 ⁴
1064 3601 1082 3638 *
1219 3603 1239 3642 *²

221 3850 229 3881 ¹
249 3848 397 3914 interpellet,
408 3850 449 3901 ed.
771 3850 782 3884 ⁸
800 3852 826 3900 iu
838 3851 925 3913 India,
936 3852 1012 3915 his-3
1031 3854 1111 3905 India
1122 3866 1153 3918 et,
1164 3857 1204 3908 ed.

220 3930 231 3962 ²
247 3945 299 3989 nos,
310 3931 349 3980 ed.
