3278 5662
252 815 444 900 611171]
697 828 879 877 perscore.
1244 811 1305 874 201

252 1019 439 1084 libertatem
463 1015 607 1082 ecclesiae
630 1015 767 1089 fuerint,
795 1012 905 1077 (161661
927 1011 1060 1097 penitus
1094 1018 1128 1074 61
1152 1009 1302 1074 condem-

251 1125 317 1198 net,
341 1125 377 1184 61
399 1120 567 1204 episcopos
587 1123 689 1202 atquc
713 1115 796 1180 alias
830 1134 986 1200 personas
1008 1111 1103 1197 regni
1126 1110 1170 1175 ab
1192 1132 1304 1175 earum

254 1222 483 1288 observatione
514 1218 689 1297 absolvat3
718 1239 757 1282 ac
786 1216 914 1280 fructus
944 1218 1171 1299 perceptorum
1193 1212 1302 1276 reddi·

253 1329 349 1388 tuum
372 1322 618 1408 archiepiscopo
648 1326 684 1384 61
706 1318 775 1382 6116
798 1317 962 1382 166111161.
1010 1314 1106 1394 Quod
1129 1314 1157 1378 si
1187 1320 1306 1378 vestrm

253 1426 289 1489 in
312 1425 374 1490 hac
397 1431 492 1509 parte
519 1419 770 1486 commonitioni
805 1439 871 1483 non
893 1417 1105 1502 acquieverit,
1140 1437 1199 1480 vos
1232 1437 1306 1501 quae

253 1528 294 1593 (16
325 1525 623 1594 consuetudinibus
658 1522 725 1586 illis
757 1521 882 1585 fuerint
915 1519 1077 1585 abolenda
1109 1519 1205 1584 nobis
1239 1540 1307 1584 una

254 1630 424 1713 cumipse
458 1625 712 1710 archiepiscopo,
735 1643 862 1688 necnon
894 1627 929 1687 et
952 1622 1040 1706 quod
1063 1643 1121 1685 rex
1156 1621 1196 1686 de
1231 1644 1304 1707 per-

254 1738 424 1816 ceptorum
455 1729 626 1793 fructuum
664 1725 876 1790 restitutione
912 1723 1021 1791 facere
1057 1723 1148 1801 velit,
1186 1725 1306 1789 vestris

253 1833 384 1908 litteris,
408 1836 534 1916 quanto
551 1828 688 1895 celerius
711 1827 869 1913 poteritis,
886 1827 1018 1912 plenius
1040 1828 1194 1891 intimare
1217 1847 1308 1891 cure-

255 1936 306 2000 tis.
354 1934 478 1998 Verum
502 1933 530 1997 si
553 1936 678 1996 certam
701 1952 792 2015 spem
816 1930 856 1994 de
879 1936 1016 2015 peccet
1040 1928 1305 1994 reconciliatione
1320 1949 1431 1998 uneex.

254 2036 404 2102 facienda
434 2033 658 2118 conceperitis,
698 2054 757 2097 vos
796 2031 965 2096 universos
996 2030 1305 2105 excommunicatos,
1321 2010 1459 2131 ἔξω·

253 2138 312 2221 qui
346 2135 541 2202 absolvendi
576 2134 710 2210 suerint,
740 2133 938 2213 absolvatis;
971 2133 1021 2199 116
1044 2132 1177 2218 quidem
1208 2131 1305 2217 quod,
1392 2116 1398 2129 ⁵

254 2240 319 2303 nisi
342 2260 409 2324 pax
432 2237 532 2301 fuerit
556 2237 740 2313 subsecuta,
763 2235 872 2320 ipsosl
894 2236 931 2299 in
953 2235 1096 2321 priorem
1119 2255 1308 2301 excommu-

254 2340 465 2414 nicationem,
488 2337 613 2401 nullius
636 2336 897 2402 contradictione
921 2336 974 2401 vel
1006 2337 1227 2423 appellatione
1250 2337 1307 2402 ob-

254 2448 373 2519 stante,
389 2441 548 2507 oontinuo
564 2439 739 2506 reducatis.
787 2439 952 2505 Praeterea
967 2439 994 2504 si
1018 2462 1078 2505 rex
1101 2440 1144 2506 ad
1160 2440 1306 2506 osculum

254 2545 479 2632 praestandum
502 2540 718 2607 nullatenus²
741 2541 864 2628 poterit
889 2541 1012 2619 induci,
1036 2563 1095 2606 vos
1127 2542 1306 2627 archiepis·

253 2668 371 2733 copum
395 2645 552 2710 inducere
583 2643 750 2719 laboretis,
773 2643 870 2729 quod,
894 2642 922 2707 si
945 2644 981 2707 id
1003 2643 1126 2728 absque
1158 2643 1304 2727 pen'culo

255 2768 400 2834 personae
432 2768 500 2811 suae
535 2754 569 2811 61
592 2767 725 2810 suorum
760 2746 831 2809 lieri
858 2765 951 2831 posse
975 2745 1174 2831 cognoverit,
1206 2751 1240 2809 61
1272 2745 1306 2810 in

254 2847 392 2914 consilio
423 2869 482 2912 suo
515 2848 665 2913 invenire
697 2847 852 2932 potuerit,
880 2845 990 2914 osculo
1012 2845 1095 2910 filii³
1129 2854 1304 2913 contentus

254 2949 403 3015 exsistat.
449 2947 546 3027 Quod
584 2949 612 3012 si
651 2955 789 3033 uterque
823 2959 969 3014 vestrum
1001 2948 1053 3013 his
1088 2949 1306 3033 exsequendis

255 3052 412 3116 interesse
445 3071 512 3115 non
543 3051 667 3135 poterit
697 3050 751 3115 vel
782 3049 925 3114 nolucrit
961 3050 1062 3135 (quod
1096 3056 1209 3115 tamen
1239 3072 1307 3117 non

254 3155 442 3235 credimus),
477 3151 562 3217 alter
595 3151 837 3219 nihilominus⁴
858 3172 897 3216 66
922 3173 997 3237 quae
1031 3152 1190 3239 praedicta
1221 3164 1301 3220 sunt

255 3277 323 3320 non
349 3254 481 3320 differat
503 3254 692 3339 adimplere.
738 3254 792 3318 Ad
815 3253 885 3321 haec
908 3254 1002 3320 vobis
1026 3256 1233 3342 praecipimus
1264 3263 1303 3321 ut
1322 3268 1435 3335 osusge

255 3357 467 3442 saepedictum
506 3378 626 3442 regem,
664 3377 763 3441 super
800 3378 838 3420 eo
876 3357 964 3442 quod
1003 3357 1162 3423 dilectum
1196 3359 1302 3423 filium
1322 3334 1449 3452 ἓξὲξ

253 3464 402 3525 nostrum
438 3459 602 3542 P[etrum]
635 3457 902 3524 archidiaconum
926 3458 1129 3544 Papienscm,
1155 3461 1199 3526 ad
1225 3483 1300 3527 eum

254 3584 275 3627 a
297 3560 417 3625 dilecto
441 3559 509 3623 filio
544 3565 657 3624 nostro
682 3558 872 3645 G[ratiano]
892 3559 1093 3627 subdiacono
1117 3569 1151 3627 et
1175 3563 1303 3628 notario

254 3672 288 3730 61
310 3664 467 3750 magistro
491 3662 645 3739 viviano,
677 3661 913 3739 transmissum,
936 3662 1072 3746 quidam
1095 3664 1155 3742 sui,
1179 3664 1222 3728 ad
1244 3687 1306 3729 nu-

256 3774 328 3831 tum
360 3763 472 3829 illius⁵
494 3767 548 3846 (ut
571 3763 705 3847 dicitur)
730 3767 765 3827 61
787 3763 828 3828 (16
851 3764 1008 3829 mandato
1031 3765 1111 3849 ejus,
1134 3774 1299 3853 ceperunt,

254 3874 289 3933 61
312 3866 507 3953 quibusdam
543 3865 642 3929 relus
674 3863 764 3929 61166
785 3864 954 3952 privatum
977 3867 1150 3933 inhoneste
1183 3875 1304 3937 116616·

254 3975 384 4046 verunt,
422 3967 537 4032 durius
576 3967 760 4053 increpetis,
798 3974 833 4033 61
871 3989 926 4033 606
964 3990 1045 4054 quos
1089 3969 1126 4033 in
1164 3973 1304 4039 eundem

257 4070 421 4154 P[etrum]
446 4075 481 4134 61
513 4068 603 4133 illius
626 4071 729 4135 socios
762 4069 895 4135 clericos
919 4069 1081 4136 violentas
1103 4094 1221 4138 manus
1255 4074 1307 4137 in-

250 4172 368 4257 jecisse
391 4172 587 4249 constiterit,
612 4171 832 4255 appellatione
854 4177 988 4250 remota,
1004 4174 1305 4239 excommunicatos

255 4273 385 4359 publice
423 4273 595 4347 nuntietis,
634 4278 670 4336 ct
705 4273 748 4338 ab
785 4274 937 4340 omnihus
975 4273 1174 4362 praecipiatis
1219 4274 1306 4341 sicut

290 4486 297 4516 ¹
316 4487 378 4549 ipso,
388 4486 415 4533 Z.
841 4484 851 4516 ‘
868 4485 1033 4550 sitdominus,
1049 4488 1085 4548 A,
1101 4487 1136 4549 Z3
1154 4505 1202 4538 aon
1219 4490 1308 4549 611106,

288 4564 298 4595 ²
316 4563 387 4614 nulla
403 4566 511 4624 ratione,
523 4563 552 4626 Z,
566 4562 627 4613 with
647 4563 686 4612 cel
701 4563 759 4613 161-
809 4562 841 4625 Ο,
853 4564 884 4613 L.

255 4640 354 4691 luteam
365 4642 447 4693 interl.
841 4642 851 4675 ⁵
869 4644 955 4707 hpcisc,
968 4645 996 4706 Z,
1009 4644 1069 4695 with
1082 4644 1122 4694 vel
1133 4644 1199 4695 iuius
1210 4645 1294 4695 interl.

288 4722 299 4753 ³
316 4722 365 4783 sui,
375 4720 421 4771 ins.
434 4721 465 4773 O.
842 4721 929 4781 161116,
941 4722 973 4781 Ο,
985 4723 1027 4781 A;
1044 4725 1107 4787 eju,
1119 4724 1151 4774 L.
