3278 5662
350 722 414 784 542
789 730 970 781 rrrsroum
1211 714 1296 801 [au.
1315 715 1420 783 1172.

347 920 435 985 inter
467 922 579 986 doctos
611 920 746 997 doctior,
780 920 867 984 inter
902 919 1069 1005 sapientes
1104 918 1299 1004 sapientior,
1323 919 1419 983 inter

347 1024 489 1109 optimos
512 1023 634 1100 melior,
670 1024 759 1088 inter
791 1022 933 1088 humiles
968 1023 1083 1099 secius,
1116 1021 1206 1087 inter
1239 1021 1416 1087 maximos

347 1125 459 1211 major.
504 1126 587 1190 Erat
608 1146 715 1210 przcco
739 1123 833 1190 vcrbi
856 1124 985 1201 Divisi,
1018 1123 1102 1190 tuba
1123 1122 1301 1210 evangelii,
1325 1121 1416 1189 ami·

346 1247 403 1292 cus
425 1227 544 1312 sponsi,
581 1226 733 1292 columna
767 1225 854 1303 cleri,
888 1225 1003 1291 oculus
1036 1225 1126 1303 caeci,
1157 1224 1274 1311 lingua
1311 1222 1414 1303 muti,

345 1348 403 1414 pes
425 1328 544 1407 claudi,
567 1328 614 1394 sal
639 1334 744 1405 terres,
765 1327 884 1413 patriae
907 1327 1030 1404 lumen,
1053 1325 1204 1396 minister
1226 1324 1414 1402 Altissimi,

345 1429 489 1495 vicarius
528 1428 661 1508 Christi,
694 1430 837 1495 christus
872 1428 1016 1495 Domini,
1075 1426 1160 1494 Tota
1197 1427 1415 1495 conversatio

346 1531 417 1617 ejus
440 1537 510 1597 crat
532 1532 643 1599 schola
665 1530 858 1608 honestatis,
882 1551 1010 1596 morum
1034 1529 1217 1606 aeffificatio,
1240 1534 1276 1595 et
1299 1534 1412 1597 struc-

347 1638 422 1699 tura
455 1634 579 1700 salutis.
628 1633 709 1698 Erat
731 1633 913 1719 injudicio
936 1637 1055 1709 rectus,
1087 1632 1123 1695 in
1157 1631 1412 1718 dispensatione

346 1735 538 1812 industrius,
583 1735 619 1799 in
666 1734 886 1820 praecipiendo
936 1734 1106 1813 discretus,
1152 1734 1189 1797 in
1238 1733 1412 1819 loquendo

345 1837 522 1913 modestus,
560 1836 595 1900 in
632 1835 769 1902 consilio
815 1836 1078 1921 circumspectus,
1117 1835 1333 1920 parcissimus
1371 1836 1411 1900 in

345 1939 417 2003 cibo
440 1938 629 2025 recipiendo
652 1938 688 2002 in
712 1938 866 2004 donando
881 1938 1098 2024 largissimus,
1111 1937 1147 2002 in
1162 1938 1213 2003 ira
1234 1936 1409 2023 pacificus,

345 2040 382 2104 in
405 2061 500 2107 carne
522 2041 668 2128 angelus,
691 2041 780 2105 inter
802 2040 944 2125 injurias
975 2045 1175 2117 mansuetus,
1203 2038 1347 2105 timidus
1370 2040 1410 2105 in

345 2142 517 2227 prosperis,
558 2141 784 2208 securissimus
818 2142 854 2205 in
895 2142 1052 2218 adversis,
1082 2140 1119 2205 in
1153 2138 1408 2229 eleemosynas¹

344 2243 475 2321 effusus,
498 2244 534 2307 in
557 2242 788 2310 misericordiis
803 2247 901 2308 totus.
948 2242 1030 2309 Erat
1044 2241 1271 2328 religiosorum
1286 2242 1409 2329 gloria,

345 2345 472 2411 delicies
494 2344 608 2431 plebis,
630 2345 731 2410 timor
762 2344 958 2430 principum,
991 2343 1082 2409 Deus
1114 2342 1302 2410 Pharaonis
1353 2344 1408 2411 De

345 2446 409 2512 isto
432 2467 606 2532 possumus
629 2445 830 2512 fiducialiter
852 2444 962 2511 dicere
984 2449 1020 2510 et
1050 2447 1185 2511 eantare
1207 2445 1289 2531 quia
1326 2450 1407 2532 post

346 2571 464 2616 aurum
487 2570 554 2615 non
586 2549 679 2626 abiit,
711 2569 772 2614 nec
803 2548 952 2634 speravit
985 2549 1022 2612 in
1056 2547 1219 2614 thesauris
1241 2549 1406 2635 pecunia,

346 2653 404 2738 qui
427 2674 487 2718 nec
509 2657 661 2738 acceptor
676 2671 860 2730 munerum,
875 2672 936 2717 nec
951 2654 1141 2736 acceptator
1156 2672 1226 2718 esse
1240 2651 1405 2739 dignatus

345 2758 397 2818 est
411 2775 633 2839 personarum.
666 2750 788 2818 Crateri
804 2752 840 2816 in
855 2751 1046 2818 ominentiae
1060 2752 1259 2819 cathedralis
1274 2753 1406 2840 apicem

345 2854 516 2921 sublimati
543 2854 657 2921 statim
689 2874 801 2920 curam
835 2854 942 2920 carnis
975 2854 1170 2941 propensius
1199 2859 1316 2942 agrmt,
1339 2854 1407 2923 cir·

345 2957 565 3044 cumspectius
599 2978 633 3022 se
671 2955 810 3032 dietant,
847 2975 914 3020 non
952 2955 1062 3021 minus
1101 2956 1221 3023 timent
1256 2959 1406 3043 corporis

345 3060 576 3146 {egritudinem
600 3079 698 3145 quam
722 3057 917 3144 gehennm
937 3063 985 3134 ‚et
1007 3058 1043 3122 in
1078 3058 1231 3124 omuibus
1253 3057 1403 3145 spatium

344 3162 425 3228 vitae
459 3161 679 3248 productioris
712 3159 879 3226 affectant.
936 3159 1006 3226 Isto
1038 3180 1126 3237 vero,
1157 3160 1308 3245 aprime
1330 3180 1404 3226 sure

344 3266 560 3350 promotionis
583 3265 741 3350 ingressu,
764 3283 893 3327 summo
916 3262 1076 3327 desiderio
1099 3262 1277 3348 appetebat
1299 3262 1403 3328 finem

344 3365 434 3443 vitm,
473 3366 584 3442 immo,
620 3369 661 3429 ut
699 3364 809 3428 verius
852 3362 976 3449 loquar,
1014 3362 1150 3429 vivendi
1191 3362 1403 3451 principium.

344 3465 444 3545 Nam,
460 3465 568 3534 sicut²
592 3466 748 3532 Salomon
763 3466 830 3531 ait:
854 3465 968 3531 “Cum
991 3465 1271 3532 consummaverit
1292 3464 1403 3547 homo,

311 3588 318 3599 ·
345 3575 363 3603 ‘⁸
386 3572 466 3633 tune
488 3567 635 3653 incipit.''
680 3566 793 3652 Hujus
809 3567 898 3632 cuim
921 3566 1002 3632 vitae
1024 3568 1227 3634 transeuntis
1251 3588 1403 3655 egressus

345 3668 510 3754 ingressus
533 3672 585 3733 est
615 3667 659 3733 ad
692 3666 784 3732 illam
819 3689 894 3753 quae
926 3665 1009 3734 nec³
1039 3668 1161 3734 transit
1193 3689 1254 3736 uec
1276 3668 1404 3734 desiuit

344 3772 459 3837 vitam.
505 3770 536 3835 A
559 3770 779 3836 tenerioribus
812 3770 909 3836 annis
934 3770 1104 3856 incipiens,
1128 3771 1268 3858 singulis
1290 3773 1404 3839 retati·

343 3873 414 3952 bus,
438 3873 532 3960 quasi
555 3871 696 3959 singulis
719 3872 785 3937 diei
809 3872 908 3948 horis,
939 3876 1102 3957 tanquam
1125 3871 1268 3960 diligens
1289 3874 1402 3941 cultor

344 3981 379 4042 et
401 3981 555 4042 strenuus
577 3974 614 4039 in
628 3973 728 4039 vinea
750 3972 886 4039 Domini
918 3972 1065 4039 Sabaoth
1089 3973 1272 4056 laboravit3
1293 3979 1331 4040 et
1352 3976 1402 4043 sic

343 4078 379 4142 in
413 4077 694 4145 consummatione
717 4080 905 4142 sanctorum
938 4075 1018 4140 vitae
1041 4075 1242 4143 transitoriae
1263 4096 1401 4144 cursum

343 4180 473 4247 elausit.
522 4179 610 4246 Sane
629 4176 769 4264 jamdiu,
793 4178 1044 4243 conversatione
1066 4179 1206 4245 caelestis
1228 4183 1264 4244 et
1285 4199 1307 4245 a
1328 4201 1401 4248 eor·

342 4303 421 4370 pore
452 4282 675 4370 peregrinans,
699 4278 878 4346 anhelebat
911 4280 954 4345 ad
986 4279 1062 4347 illas
1095 4280 1240 4350 caelestes
1262 4281 1399 4353 delicias

341 4385 532 4471 temporalis
555 4383 636 4449 vitae
659 4381 800 4449 transire
822 4381 1023 4468 compendio.

375 4557 384 4590 ¹
401 4556 575 4624 rhenotenus,
586 4553 663 4618 MS.;
675 4552 843 4620 eleemeyaie,
925 4554 937 4668 ζ
953 4563 990 4618 ce,
1001 4556 1059 4690 MGS.

341 4638 374 4692 G·
953 4650 1013 4700 noa,
1051 4672 1057 4686 .
