3278 5662
361 779 424 843 266
802 797 978 845 sermons.
1220 776 1297 863 [sn.
1317 779 1411 848 1170·

360 992 528 1050 tentamur
559 987 783 1073 periculosius.
831 988 1002 1074 Siquidem
1038 989 1074 1052 in
1108 989 1215 1074 specie
1243 987 1409 1074 peregrini

359 1087 602 1154 absconderunt
635 1111 724 1155 nunc
758 1091 891 1177 superbi
922 1090 1078 1176 laqueum
1101 1091 1204 1156 nobis.
1251 1090 1321 1167 Ille,
1352 1090 1408 1154 ille

359 1210 477 1276 nempe
499 1191 543 1255 ad
566 1213 625 1256 nos
649 1191 685 1255 in
708 1193 816 1278 specie
839 1193 1005 1279 peregrini
1028 1195 1172 1259 accessit
1212 1193 1409 1278 Peregrinus

360 1291 491 1375 quidem
516 1293 660 1370 accessit,
683 1294 741 1358 sed
765 1294 956 1380 peregrinus
980 1294 1038 1358 diu
1061 1316 1129 1359 uon
1151 1294 1259 1358 latuit.
1299 1292 1410 1357 Simu·

360 1391 432 1456 lans
450 1394 537 1457 enim
561 1416 595 1458 se
627 1394 772 1480 cogitare
795 1395 1012 1481 cogitationes
1046 1395 1145 1480 pacis,
1168 1397 1257 1481 pacis
1280 1400 1410 1460 nostrae,

360 1493 583 1559 admittebatl
607 1496 749 1581 benigne
772 1497 909 1581 loquens
932 1497 1052 1583 etipse
1075 1497 1201 1583 pariter
1223 1518 1298 1582 quae
1322 1496 1411 1581 pacis

360 1602 463 1662 crant.
509 1596 607 1661 Unde
630 1603 665 1662 ot
687 1599 828 1684 speciem
851 1605 921 1663 tam
944 1599 1063 1664 bonam
1086 1604 1265 1675 cernentes,
1289 1598 1409 1663 multo-

361 1718 433 1760 rum
457 1698 543 1762 oculi
567 1699 775 1776 tenebantur,
792 1700 991 1765 fiducialiter
1014 1701 1150 1787 pacifica
1172 1700 1409 1787 praestolantes.
1448 1687 1451 1690 ¹

361 1799 426 1864 Sed
450 1800 583 1864 demum
605 1802 782 1866 vorborum
805 1803 955 1888 aucupiis
971 1803 1082 1868 oculos
1105 1824 1181 1868 suos
1204 1803 1410 1889 depraedatos

361 1903 591 1985 querebantur.
639 1904 727 1969 Nam
750 1926 824 1969 curn
854 1904 924 1989 jam
949 1906 992 1970 ab
1015 1905 1170 1970 omnibus
1204 1926 1409 1992 consumma-

361 2005 462 2068 tionis
494 2007 597 2070 totius
635 2006 710 2069 finis
748 2013 945 2091 speraretur,
977 2008 1171 2093 peregrinus
1208 2013 1321 2073 noster
1351 2028 1410 2092 per

360 2107 518 2191 quosdam
549 2107 612 2171 sibi
635 2107 718 2172 benc
741 2113 837 2172 notos
859 2107 1030 2174 anfractus
1052 2131 1073 2173 a
1095 2108 1153 2174 via
1175 2113 1265 2174 recta
1287 2108 1410 2173 deflex-

192 2219 246 2267 rhe
260 2221 347 2268 Monr-
361 2213 440 2283 orat,
457 2213 491 2271 et
513 2208 734 2293 deprehensus
757 2215 808 2273 est
830 2209 972 2274 devotus
994 2209 1050 2274 ille
1073 2231 1141 2274 nou
1163 2210 1296 2295 quidem
1324 2209 1411 2294 cogi-

191 2294 284 2334 ¹¹¹¹¹¹¹¹⁰
360 2310 503 2373 tationes
528 2309 626 2394 pacis,
651 2311 708 2374 sed
732 2310 844 2395 potius
865 2310 1061 2388 afflictionis,
1085 2312 1265 2397 cogitasse3
1288 2312 1410 2396 quippe

192 2351 340 2401 corrfercncc

191 2418 338 2468 alludodro.
361 2435 435 2478 cum
459 2413 550 2498 prius
574 2434 687 2499 pacem
710 2413 852 2489 offerret,
876 2419 991 2498 postea
1014 2415 1105 2500 pacis
1127 2415 1275 2480 osculum
1293 2436 1410 2500 perne-

360 2515 470 2600 gabat.
532 2515 605 2596 Quo
638 2514 756 2580 audito
790 2515 919 2580 haerent
957 2515 1219 2594 circumstantes,
1251 2516 1411 2582 haesitant

360 2617 566 2694 mediatores,
598 2623 713 2702 stupet
750 2617 901 2702 populna,
939 2619 1149 2684 admirantur
1186 2619 1342 2695 universi,
1376 2623 1410 2682 ot

359 2718 561 2784 frustratur²
592 2741 666 2805 spes
690 2720 847 2783 omnium.
896 2719 1104 2800 Quibusdam
1128 2720 1410 2806 proclamantibus

360 2821 453 2885 illum
486 2843 553 2887 non
587 2821 692 2886 solum
728 2821 947 2899 ecclesiastici,
978 2822 1036 2887 sed
1066 2827 1100 2886 et
1134 2822 1238 2888 totius
1272 2822 1409 2886 humani

360 2924 459 2987 moris
491 2924 728 3000 subversorem,
751 2923 833 3015 quin
867 2923 979 3007 potius
1012 2923 1118 3010 ipsam
1142 2928 1271 2989 naturae
1303 2923 1408 3009 legem

360 3030 533 3106 offendere,
567 3052 641 3115 quae
675 3029 861 3094 dilectionis
899 3029 1031 3115 signum
1068 3034 1102 3094 et
1133 3030 1225 3115 pacis
1260 3030 1408 3095 noscitur

359 3132 507 3197 homines
531 3132 678 3196 docuisse
695 3137 733 3195 ut
756 3133 791 3194 in
815 3130 873 3196 illo
896 3132 1059 3217 praecipue
1081 3131 1228 3196 membro
1251 3138 1410 3218 appareat

360 3235 491 3320 signum
514 3233 705 3309 concordiae,
729 3232 817 3297 unde
849 3233 931 3298 rixae
962 3238 996 3298 et
1025 3233 1140 3320 jurgia
1162 3234 1241 3298 oriri
1275 3255 1408 3299 consuc-

360 3343 489 3400 verunt.
535 3335 603 3398 Alii
626 3356 694 3399 non
725 3334 818 3398 istud
851 3341 975 3420 opertae
1007 3335 1043 3399 in
1076 3336 1174 3400 corde
1206 3336 1408 3401 seductionis

359 3435 535 3501 manifeste
568 3437 708 3521 speciem
750 3434 916 3501 declarare
953 3437 1174 3515 testabantur,
1214 3437 1407 3503 diabolicam

360 3539 460 3602 etiam
492 3537 648 3602 excedere
679 3537 979 3622 praesumptionem,
1015 3559 1080 3623 qua
1111 3560 1179 3603 non
1212 3538 1407 3626 dignaretur

359 3639 456 3702 homo
472 3639 713 3705 communicare
728 3638 856 3703 homini
880 3639 968 3724 quod
992 3639 1117 3705 bomini
1134 3639 1325 3706 exhibuerit
1339 3640 1406 3706 Do-

359 3742 489 3820 minus;
514 3748 549 3806 ct
564 3741 632 3826 ipse
649 3741 789 3805 enimin
812 3741 945 3826 signum
968 3740 1244 3807 reconciliationis
1260 3749 1295 3807 et
1317 3744 1406 3828 pacis

359 3843 524 3909 osculatus
548 3850 598 3908 est
613 3866 666 3908 me
681 3843 791 3909 osculo
814 3843 881 3908 oris
904 3843 965 3908 sui.
1011 3843 1081 3929 Ego
1104 3844 1250 3932 vero,[ut
1272 3844 1406 3911 domino

358 3967 431 4010 meo
462 3946 619 4011 secretius
642 3945 768 4031 loquar,
791 3967 859 4011 rem
892 3945 1014 4011 tacitns
1037 3944 1255 4024 considerans,
1278 3949 1406 4013 aestimo

357 4069 425 4112 non
447 4048 517 4112 sine
540 4068 646 4125 causa,
663 4046 857 4133 quinpotius
879 4045 995 4111 divino
1017 4051 1113 4126 nutu,
1144 4047 1235 4133 pacis
1257 4049 1403 4116 osculum

357 4151 452 4215 nobis
489 4150 591 4215 fuisse
624 4150 844 4235 denegatum3
885 4148 974 4232 quod
1009 4147 1164 4214 videlicet
1199 4148 1290 4216 illius
1328 4173 1404 4237 pax,

357 4275 456 4339 quam
495 4253 682 4339 quaerimus,
718 4256 753 4317 et
790 4257 904 4317 nostra
936 4250 1071 4334 justitia
1109 4272 1208 4336 quam
1246 4252 1405 4331 fovemus,

356 4355 531 4420 convenire
565 4374 633 4420 non
668 4351 807 4438 possint,
830 4351 921 4416 illius
955 4372 1095 4436 regnum
1118 4358 1153 4416 et
1185 4354 1404 4419 sacerdotium

390 4629 570 4688 ¹odmilrabat,
599 4630 637 4688 P;
669 4627 855 4688 adndttcbctur,
941 4624 952 4656 l
961 4627 1137 4692 frustrantur,
1150 4627 1182 4680 G.

356 4711 388 4762 G.
