<?xml version="1.0" encoding="UTF-8"?>
<!DOCTYPE html PUBLIC "-//W3C//DTD XHTML 1.0 Transitional//EN"
    "http://www.w3.org/TR/xhtml1/DTD/xhtml1-transitional.dtd">
<html xmlns="http://www.w3.org/1999/xhtml" xml:lang="en" lang="en">
 <head>
  <title>
</title>
<meta http-equiv="Content-Type" content="text/html;charset=utf-8" />
  <meta name='ocr-system' content='tesseract 3.04.00' />
  <meta name='ocr-capabilities' content='ocr_page ocr_carea ocr_par ocr_line ocrx_word'/>
</head>
<body>
  <div class='ocr_page' id='page_1' title='image "./materialsforhis00robegoog/materialsforhis00robegoog_0443.png"; bbox 0 0 3278 5662; ppageno 0'>
   <div class='ocr_carea' id='block_1_1' title="bbox 351 796 1405 884">
    <p class='ocr_par' dir='ltr' id='par_1_1' title="bbox 351 796 1405 884">
     <span class='ocr_line' id='line_1_1' title="bbox 351 796 1405 884; baseline 0.012 -27"><span class='ocrx_word' id='word_1_1' title='bbox 351 796 416 858; x_wconf 75' lang='lat'>418</span> <span class='ocrx_word' id='word_1_2' title='bbox 803 812 981 863; x_wconf 73' lang='lat' dir='ltr'>nrrsrons</span> <span class='ocrx_word' id='word_1_3' title='bbox 1212 799 1292 884; x_wconf 72' lang='lat' dir='ltr'>[nn.</span> <span class='ocrx_word' id='word_1_4' title='bbox 1309 796 1405 870; x_wconf 81' lang='lat'>1170.</span> 
     </span>
    </p>
   </div>
   <div class='ocr_carea' id='block_1_2' title="bbox 181 997 1399 3336">
    <p class='ocr_par' dir='ltr' id='par_1_2' title="bbox 181 997 1399 3336">
     <span class='ocr_line' id='line_1_2' title="bbox 182 997 1399 1078; baseline 0.002 -13"><span class='ocrx_word' id='word_1_5' title='bbox 182 1000 276 1065; x_wconf 72' lang='lat' dir='ltr'>having</span> <span class='ocrx_word' id='word_1_6' title='bbox 349 1020 455 1064; x_wconf 89' lang='lat' dir='ltr'>comes</span> <span class='ocrx_word' id='word_1_7' title='bbox 478 997 642 1064; x_wconf 90' lang='lat' dir='ltr'>canonicis</span> <span class='ocrx_word' id='word_1_8' title='bbox 674 998 715 1063; x_wconf 92' lang='lat' dir='ltr'>de</span> <span class='ocrx_word' id='word_1_9' title='bbox 750 997 931 1065; x_wconf 87' lang='lat' dir='ltr'>Panteneia</span> <span class='ocrx_word' id='word_1_10' title='bbox 965 999 1132 1078; x_wconf 87' lang='lat' dir='ltr'>intulerat,</span> <span class='ocrx_word' id='word_1_11' title='bbox 1165 1001 1205 1066; x_wconf 90' lang='lat' dir='ltr'>do</span> <span class='ocrx_word' id='word_1_12' title='bbox 1243 1002 1399 1068; x_wconf 86' lang='lat' dir='ltr'>mandato</span> 
     </span>
     <span class='ocr_line' id='line_1_3' title="bbox 181 1065 1397 1188; baseline 0.005 -26"><span class='ocrx_word' id='word_1_13' title='bbox 181 1065 329 1182; x_wconf 42' lang='lat' dir='ltr'>&amp;ss2¹2th</span> <span class='ocrx_word' id='word_1_14' title='bbox 349 1105 460 1164; x_wconf 87' lang='lat' dir='ltr'>nostro</span> <span class='ocrx_word' id='word_1_15' title='bbox 483 1099 600 1164; x_wconf 88' lang='lat' dir='ltr'>fuisset</span> <span class='ocrx_word' id='word_1_16' title='bbox 622 1099 798 1166; x_wconf 87' lang='lat' dir='ltr'>interdicto</span> <span class='ocrx_word' id='word_1_17' title='bbox 821 1100 993 1187; x_wconf 86' lang='lat' dir='ltr'>supposita</span> <span class='ocrx_word' id='word_1_18' title='bbox 1005 1126 1013 1180; x_wconf 93' lang='lat'>;</span> <span class='ocrx_word' id='word_1_19' title='bbox 1045 1109 1166 1180; x_wconf 63' lang='lat' dir='ltr'>muron,</span> <span class='ocrx_word' id='word_1_20' title='bbox 1189 1103 1267 1188; x_wconf 87' lang='lat' dir='ltr'>quia</span> <span class='ocrx_word' id='word_1_21' title='bbox 1289 1104 1397 1170; x_wconf 88' lang='lat' dir='ltr'>clerici</span> 
     </span>
     <span class='ocr_line' id='line_1_4' title="bbox 182 1198 1396 1315; baseline 0.006 -51"><span class='ocrx_word' id='word_1_22' title='bbox 182 1198 330 1315; x_wconf 58' lang='lat' dir='ltr'>phejrabso-</span> <span class='ocrx_word' id='word_1_23' title='bbox 349 1201 389 1265; x_wconf 90' lang='lat' dir='ltr'>de</span> <span class='ocrx_word' id='word_1_24' title='bbox 413 1207 501 1265; x_wconf 87' lang='lat' dir='ltr'>terra</span> <span class='ocrx_word' id='word_1_25' title='bbox 523 1202 595 1287; x_wconf 89' lang='lat' dir='ltr'>ipsa</span> <span class='ocrx_word' id='word_1_26' title='bbox 618 1201 732 1265; x_wconf 85' lang='lat' dir='ltr'>divina</span> <span class='ocrx_word' id='word_1_27' title='bbox 754 1201 860 1267; x_wconf 90' lang='lat' dir='ltr'>officia</span> <span class='ocrx_word' id='word_1_28' title='bbox 883 1201 1097 1269; x_wconf 82' lang='lat' dir='ltr'>nihilominus</span> <span class='ocrx_word' id='word_1_29' title='bbox 1129 1205 1291 1270; x_wconf 85' lang='lat' dir='ltr'>celebrare</span> <span class='ocrx_word' id='word_1_30' title='bbox 1313 1228 1396 1291; x_wconf 86' lang='lat' dir='ltr'>prae-</span> 
     </span>
     <span class='ocr_line' id='line_1_5' title="bbox 183 1278 1398 1397; baseline 0.005 -29"><span class='ocrx_word' id='word_1_31' title='bbox 183 1278 325 1397; x_wconf 49' lang='lat' dir='ltr'>affi’tssm</span> <span class='ocrx_word' id='word_1_32' title='bbox 349 1309 567 1389; x_wconf 86' lang='lat' dir='ltr'>sumpserunt,</span> <span class='ocrx_word' id='word_1_33' title='bbox 590 1326 611 1368; x_wconf 89' lang='lat' dir='ltr'>a</span> <span class='ocrx_word' id='word_1_34' title='bbox 641 1305 737 1368; x_wconf 86' lang='lat' dir='ltr'>beato</span> <span class='ocrx_word' id='word_1_35' title='bbox 770 1305 895 1369; x_wconf 85' lang='lat' dir='ltr'>Thoma</span> <span class='ocrx_word' id='word_1_36' title='bbox 927 1312 1072 1391; x_wconf 87' lang='lat' dir='ltr'>martyre</span> <span class='ocrx_word' id='word_1_37' title='bbox 1107 1306 1240 1372; x_wconf 85' lang='lat' dir='ltr'>vinculo</span> <span class='ocrx_word' id='word_1_38' title='bbox 1273 1308 1398 1375; x_wconf 88' lang='lat' dir='ltr'>fuerint</span> 
     </span>
     <span class='ocr_line' id='line_1_6' title="bbox 182 1400 1395 1514; baseline 0.004 -44"><span class='ocrx_word' id='word_1_39' title='bbox 182 1400 213 1448; x_wconf 83' lang='lat' dir='ltr'>be</span> <span class='ocrx_word' id='word_1_40' title='bbox 225 1413 281 1514; x_wconf 43' lang='grc' dir='ltr'>’ᾖ</span> <span class='ocrx_word' id='word_1_41' title='bbox 350 1406 695 1472; x_wconf 68' lang='lat' dir='ltr'>excommunicationis</span> <span class='ocrx_word' id='word_1_42' title='bbox 728 1407 886 1472; x_wconf 75' lang='lat' dir='ltr'>adstricti.</span> <span class='ocrx_word' id='word_1_43' title='bbox 933 1407 1167 1473; x_wconf 88' lang='lat' dir='ltr'>Postmodum¹</span> <span class='ocrx_word' id='word_1_44' title='bbox 1202 1431 1288 1487; x_wconf 92' lang='lat' dir='ltr'>vero,</span> <span class='ocrx_word' id='word_1_45' title='bbox 1322 1432 1395 1475; x_wconf 87' lang='lat' dir='ltr'>eum</span> 
     </span>
     <span class='ocr_line' id='line_1_7' title="bbox 182 1481 1396 1593; baseline 0.005 -21"><span class='ocrx_word' id='word_1_46' title='bbox 182 1481 231 1582; x_wconf 48' lang='grc' dir='ltr'>ΒΞ</span> <span class='ocrx_word' id='word_1_47' title='bbox 250 1482 289 1526; x_wconf 66' lang='lat'>⁰⁵</span> <span class='ocrx_word' id='word_1_48' title='bbox 349 1509 436 1573; x_wconf 89' lang='lat' dir='ltr'>idem</span> <span class='ocrx_word' id='word_1_49' title='bbox 467 1513 594 1593; x_wconf 83' lang='lat' dir='ltr'>martyr</span> <span class='ocrx_word' id='word_1_50' title='bbox 622 1513 842 1573; x_wconf 79' lang='lat' dir='ltr'>reverteretur</span> <span class='ocrx_word' id='word_1_51' title='bbox 880 1509 922 1574; x_wconf 93' lang='lat' dir='ltr'>ab</span> <span class='ocrx_word' id='word_1_52' title='bbox 961 1510 1087 1587; x_wconf 85' lang='lat' dir='ltr'>exsilio,</span> <span class='ocrx_word' id='word_1_53' title='bbox 1122 1511 1238 1577; x_wconf 88' lang='lat' dir='ltr'>iisdem</span> <span class='ocrx_word' id='word_1_54' title='bbox 1272 1512 1396 1578; x_wconf 87' lang='lat' dir='ltr'>clericis</span> 
     </span>
     <span class='ocr_line' id='line_1_8' title="bbox 349 1611 1396 1696; baseline 0.005 -20"><span class='ocrx_word' id='word_1_55' title='bbox 349 1611 588 1677; x_wconf 89' lang='lat' dir='ltr'>absolutionem</span> <span class='ocrx_word' id='word_1_56' title='bbox 620 1611 817 1696; x_wconf 90' lang='lat' dir='ltr'>petentibus,</span> <span class='ocrx_word' id='word_1_57' title='bbox 840 1612 1013 1678; x_wconf 84' lang='lat' dir='ltr'>mandavit</span> <span class='ocrx_word' id='word_1_58' title='bbox 1035 1635 1055 1678; x_wconf 92' lang='lat' dir='ltr'>a</span> <span class='ocrx_word' id='word_1_59' title='bbox 1077 1613 1201 1679; x_wconf 85' lang='lat' dir='ltr'>divinis</span> <span class='ocrx_word' id='word_1_60' title='bbox 1231 1614 1396 1683; x_wconf 87' lang='lat' dir='ltr'>abstinere</span> 
     </span>
     <span class='ocr_line' id='line_1_9' title="bbox 348 1713 1397 1801; baseline 0.003 -22"><span class='ocrx_word' id='word_1_61' title='bbox 348 1713 470 1791; x_wconf 88' lang='lat' dir='ltr'>officiis,</span> <span class='ocrx_word' id='word_1_62' title='bbox 493 1719 532 1778; x_wconf 90' lang='lat' dir='ltr'>ut</span> <span class='ocrx_word' id='word_1_63' title='bbox 553 1734 651 1798; x_wconf 90' lang='lat' dir='ltr'>super</span> <span class='ocrx_word' id='word_1_64' title='bbox 673 1735 783 1778; x_wconf 89' lang='lat' dir='ltr'>eorum</span> <span class='ocrx_word' id='word_1_65' title='bbox 807 1715 1061 1801; x_wconf 76' lang='lat' dir='ltr'>praesumptione</span> <span class='ocrx_word' id='word_1_66' title='bbox 1083 1715 1215 1781; x_wconf 87' lang='lat' dir='ltr'>interim</span> <span class='ocrx_word' id='word_1_67' title='bbox 1238 1738 1298 1781; x_wconf 90' lang='lat' dir='ltr'>nos</span> <span class='ocrx_word' id='word_1_68' title='bbox 1320 1739 1397 1783; x_wconf 90' lang='lat' dir='ltr'>oon·</span> 
     </span>
     <span class='ocr_line' id='line_1_10' title="bbox 347 1816 1395 1905; baseline 0.004 -24"><span class='ocrx_word' id='word_1_69' title='bbox 347 1817 469 1882; x_wconf 89' lang='lat' dir='ltr'>suleret</span> <span class='ocrx_word' id='word_1_70' title='bbox 492 1821 526 1881; x_wconf 91' lang='lat' dir='ltr'>et</span> <span class='ocrx_word' id='word_1_71' title='bbox 548 1820 697 1880; x_wconf 91' lang='lat' dir='ltr'>nostrum</span> <span class='ocrx_word' id='word_1_72' title='bbox 720 1816 797 1880; x_wconf 90' lang='lat' dir='ltr'>inde</span> <span class='ocrx_word' id='word_1_73' title='bbox 820 1817 1014 1881; x_wconf 87' lang='lat' dir='ltr'>mandatum</span> <span class='ocrx_word' id='word_1_74' title='bbox 1037 1817 1195 1896; x_wconf 70' lang='lat' dir='ltr'>haberet,2</span> <span class='ocrx_word' id='word_1_75' title='bbox 1217 1818 1274 1884; x_wconf 89' lang='lat' dir='ltr'>sed</span> <span class='ocrx_word' id='word_1_76' title='bbox 1296 1820 1395 1905; x_wconf 92' lang='lat' dir='ltr'>paulo</span> 
     </span>
     <span class='ocr_line' id='line_1_11' title="bbox 348 1918 1396 2009; baseline 0.003 -25"><span class='ocrx_word' id='word_1_77' title='bbox 348 1925 423 2005; x_wconf 89' lang='lat' dir='ltr'>post</span> <span class='ocrx_word' id='word_1_78' title='bbox 445 1918 557 1984; x_wconf 86' lang='lat' dir='ltr'>eodem</span> <span class='ocrx_word' id='word_1_79' title='bbox 573 1926 719 2005; x_wconf 89' lang='lat' dir='ltr'>martyre</span> <span class='ocrx_word' id='word_1_80' title='bbox 742 1940 800 2004; x_wconf 89' lang='lat' dir='ltr'>per</span> <span class='ocrx_word' id='word_1_81' title='bbox 814 1920 1011 2004; x_wconf 86' lang='lat' dir='ltr'>martyrium</span> <span class='ocrx_word' id='word_1_82' title='bbox 1026 1920 1069 1984; x_wconf 93' lang='lat' dir='ltr'>ad</span> <span class='ocrx_word' id='word_1_83' title='bbox 1085 1919 1199 1986; x_wconf 80' lang='lat' dir='ltr'>caelum</span> <span class='ocrx_word' id='word_1_84' title='bbox 1224 1922 1396 2009; x_wconf 83' lang='lat' dir='ltr'>migrante,</span> 
     </span>
     <span class='ocr_line' id='line_1_12' title="bbox 348 2022 1396 2109; baseline 0.004 -24"><span class='ocrx_word' id='word_1_85' title='bbox 348 2023 480 2109; x_wconf 71' lang='lat' dir='ltr'>praefati</span> <span class='ocrx_word' id='word_1_86' title='bbox 513 2022 628 2101; x_wconf 89' lang='lat' dir='ltr'>clerici,</span> <span class='ocrx_word' id='word_1_87' title='bbox 660 2024 745 2088; x_wconf 88' lang='lat' dir='ltr'>sicut</span> <span class='ocrx_word' id='word_1_88' title='bbox 778 2022 869 2108; x_wconf 89' lang='lat' dir='ltr'>prius</span> <span class='ocrx_word' id='word_1_89' title='bbox 902 2022 1056 2100; x_wconf 85' lang='lat' dir='ltr'>fecerant,</span> <span class='ocrx_word' id='word_1_90' title='bbox 1087 2045 1154 2088; x_wconf 91' lang='lat' dir='ltr'>non</span> <span class='ocrx_word' id='word_1_91' title='bbox 1185 2029 1264 2088; x_wconf 89' lang='lat' dir='ltr'>sunt</span> <span class='ocrx_word' id='word_1_92' title='bbox 1297 2026 1396 2090; x_wconf 89' lang='lat' dir='ltr'>veriti</span> 
     </span>
     <span class='ocr_line' id='line_1_13' title="bbox 349 2124 1396 2212; baseline 0.004 -22"><span class='ocrx_word' id='word_1_93' title='bbox 349 2125 463 2190; x_wconf 84' lang='lat' dir='ltr'>divina</span> <span class='ocrx_word' id='word_1_94' title='bbox 485 2124 590 2192; x_wconf 89' lang='lat' dir='ltr'>officia</span> <span class='ocrx_word' id='word_1_95' title='bbox 620 2124 789 2191; x_wconf 88' lang='lat' dir='ltr'>celebrare.</span> <span class='ocrx_word' id='word_1_96' title='bbox 837 2124 1000 2206; x_wconf 85' lang='lat' dir='ltr'>Quoniam</span> <span class='ocrx_word' id='word_1_97' title='bbox 1035 2126 1137 2212; x_wconf 86' lang='lat' dir='ltr'>igitur</span> <span class='ocrx_word' id='word_1_98' title='bbox 1170 2127 1339 2192; x_wconf 83' lang='lat' dir='ltr'>temeritas</span> <span class='ocrx_word' id='word_1_99' title='bbox 1362 2135 1396 2194; x_wconf 92' lang='lat' dir='ltr'>et</span> 
     </span>
     <span class='ocr_line' id='line_1_14' title="bbox 348 2226 1396 2314; baseline 0.006 -24"><span class='ocrx_word' id='word_1_100' title='bbox 348 2228 561 2314; x_wconf 84' lang='lat' dir='ltr'>praesumptio</span> <span class='ocrx_word' id='word_1_101' title='bbox 584 2228 729 2314; x_wconf 89' lang='lat' dir='ltr'>ipsorum</span> <span class='ocrx_word' id='word_1_102' title='bbox 760 2226 950 2292; x_wconf 86' lang='lat' dir='ltr'>clericorum</span> <span class='ocrx_word' id='word_1_103' title='bbox 982 2248 1050 2291; x_wconf 89' lang='lat' dir='ltr'>non</span> <span class='ocrx_word' id='word_1_104' title='bbox 1084 2228 1183 2292; x_wconf 87' lang='lat' dir='ltr'>debet</span> <span class='ocrx_word' id='word_1_105' title='bbox 1215 2229 1396 2296; x_wconf 84' lang='lat' dir='ltr'>incorrecta</span> 
     </span>
     <span class='ocr_line' id='line_1_15' title="bbox 349 2329 1395 2416; baseline 0.004 -23"><span class='ocrx_word' id='word_1_106' title='bbox 349 2352 489 2408; x_wconf 87' lang='lat' dir='ltr'>manere,</span> <span class='ocrx_word' id='word_1_107' title='bbox 513 2330 718 2395; x_wconf 88' lang='lat' dir='ltr'>fraternitati</span> <span class='ocrx_word' id='word_1_108' title='bbox 752 2334 828 2406; x_wconf 85' lang='lat' dir='ltr'>tuae,</span> <span class='ocrx_word' id='word_1_109' title='bbox 851 2351 910 2414; x_wconf 88' lang='lat' dir='ltr'>per</span> <span class='ocrx_word' id='word_1_110' title='bbox 943 2329 1124 2416; x_wconf 85' lang='lat' dir='ltr'>apostolica</span> <span class='ocrx_word' id='word_1_111' title='bbox 1155 2331 1278 2416; x_wconf 89' lang='lat' dir='ltr'>scripta</span> <span class='ocrx_word' id='word_1_112' title='bbox 1311 2353 1395 2416; x_wconf 88' lang='lat' dir='ltr'>prae·</span> 
     </span>
     <span class='ocr_line' id='line_1_16' title="bbox 348 2432 1395 2520; baseline 0.001 -21"><span class='ocrx_word' id='word_1_113' title='bbox 348 2433 498 2520; x_wconf 90' lang='lat' dir='ltr'>cipiendo</span> <span class='ocrx_word' id='word_1_114' title='bbox 536 2433 740 2510; x_wconf 89' lang='lat' dir='ltr'>mandamus,</span> <span class='ocrx_word' id='word_1_115' title='bbox 774 2433 939 2517; x_wconf 86' lang='lat' dir='ltr'>quatinus,</span> <span class='ocrx_word' id='word_1_116' title='bbox 973 2432 1002 2496; x_wconf 89' lang='lat' dir='ltr'>si</span> <span class='ocrx_word' id='word_1_117' title='bbox 1039 2454 1090 2497; x_wconf 91' lang='lat' dir='ltr'>res</span> <span class='ocrx_word' id='word_1_118' title='bbox 1127 2433 1176 2497; x_wconf 86' lang='lat' dir='ltr'>ita</span> <span class='ocrx_word' id='word_1_119' title='bbox 1213 2456 1247 2499; x_wconf 90' lang='lat' dir='ltr'>se</span> <span class='ocrx_word' id='word_1_120' title='bbox 1285 2435 1395 2512; x_wconf 86' lang='lat' dir='ltr'>habet,</span> 
     </span>
     <span class='ocr_line' id='line_1_17' title="bbox 346 2535 1395 2623; baseline -0.001 -21"><span class='ocrx_word' id='word_1_121' title='bbox 346 2537 502 2623; x_wconf 74' lang='lat' dir='ltr'>praefatos</span> <span class='ocrx_word' id='word_1_122' title='bbox 517 2536 657 2613; x_wconf 84' lang='lat' dir='ltr'>clericos,</span> <span class='ocrx_word' id='word_1_123' title='bbox 681 2556 739 2621; x_wconf 90' lang='lat' dir='ltr'>pro</span> <span class='ocrx_word' id='word_1_124' title='bbox 762 2539 865 2599; x_wconf 87' lang='lat' dir='ltr'>tantae</span> <span class='ocrx_word' id='word_1_125' title='bbox 887 2535 1151 2621; x_wconf 58' lang='lat' dir='ltr'>praesumptionis</span> <span class='ocrx_word' id='word_1_126' title='bbox 1175 2536 1332 2617; x_wconf 74' lang='lat' dir='ltr'>excessu,³</span> <span class='ocrx_word' id='word_1_127' title='bbox 1352 2537 1395 2602; x_wconf 90' lang='lat' dir='ltr'>ab</span> 
     </span>
     <span class='ocr_line' id='line_1_18' title="bbox 348 2636 1395 2724; baseline 0.002 -20"><span class='ocrx_word' id='word_1_128' title='bbox 348 2638 460 2705; x_wconf 90' lang='lat' dir='ltr'>officiis</span> <span class='ocrx_word' id='word_1_129' title='bbox 483 2644 518 2704; x_wconf 91' lang='lat' dir='ltr'>et</span> <span class='ocrx_word' id='word_1_130' title='bbox 551 2636 726 2714; x_wconf 85' lang='lat' dir='ltr'>beneficiis,</span> <span class='ocrx_word' id='word_1_131' title='bbox 748 2636 1005 2702; x_wconf 87' lang='lat' dir='ltr'>contradictione</span> <span class='ocrx_word' id='word_1_132' title='bbox 1029 2642 1063 2701; x_wconf 91' lang='lat' dir='ltr'>et</span> <span class='ocrx_word' id='word_1_133' title='bbox 1085 2637 1304 2724; x_wconf 86' lang='lat' dir='ltr'>appellatione</span> <span class='ocrx_word' id='word_1_134' title='bbox 1327 2662 1395 2706; x_wconf 70' lang='lat' dir='ltr'>ees=</span> 
     </span>
     <span class='ocr_line' id='line_1_19' title="bbox 347 2736 1394 2824; baseline 0.001 -19"><span class='ocrx_word' id='word_1_135' title='bbox 347 2747 450 2817; x_wconf 90' lang='lat' dir='ltr'>sante,</span> <span class='ocrx_word' id='word_1_136' title='bbox 472 2738 651 2824; x_wconf 87' lang='lat' dir='ltr'>apostolica</span> <span class='ocrx_word' id='word_1_137' title='bbox 679 2737 877 2802; x_wconf 86' lang='lat' dir='ltr'>auctoritate</span> <span class='ocrx_word' id='word_1_138' title='bbox 907 2736 1096 2823; x_wconf 87' lang='lat' dir='ltr'>suspendas,</span> <span class='ocrx_word' id='word_1_139' title='bbox 1127 2739 1176 2803; x_wconf 91' lang='lat' dir='ltr'>ita</span> <span class='ocrx_word' id='word_1_140' title='bbox 1205 2740 1293 2824; x_wconf 91' lang='lat' dir='ltr'>quod</span> <span class='ocrx_word' id='word_1_141' title='bbox 1323 2742 1394 2808; x_wconf 89' lang='lat' dir='ltr'>sine</span> 
     </span>
     <span class='ocr_line' id='line_1_20' title="bbox 348 2838 1394 2926; baseline 0.002 -19"><span class='ocrx_word' id='word_1_142' title='bbox 348 2841 504 2908; x_wconf 86' lang='lat' dir='ltr'>mandato</span> <span class='ocrx_word' id='word_1_143' title='bbox 528 2839 668 2905; x_wconf 87' lang='lat' dir='ltr'>Romani</span> <span class='ocrx_word' id='word_1_144' title='bbox 691 2838 855 2926; x_wconf 87' lang='lat' dir='ltr'>pontificis</span> <span class='ocrx_word' id='word_1_145' title='bbox 878 2860 945 2904; x_wconf 92' lang='lat' dir='ltr'>uon</span> <span class='ocrx_word' id='word_1_146' title='bbox 969 2839 1111 2905; x_wconf 88' lang='lat' dir='ltr'>debeant</span> <span class='ocrx_word' id='word_1_147' title='bbox 1141 2841 1222 2926; x_wconf 91' lang='lat' dir='ltr'>ipsis</span> <span class='ocrx_word' id='word_1_148' title='bbox 1255 2843 1394 2910; x_wconf 87' lang='lat' dir='ltr'>restitui.</span> 
     </span>
     <span class='ocr_line' id='line_1_21' title="bbox 347 2941 1394 3033; baseline 0 -23"><span class='ocrx_word' id='word_1_149' title='bbox 347 2944 514 3026; x_wconf 80' lang='lat' dir='ltr'>Quosdam</span> <span class='ocrx_word' id='word_1_150' title='bbox 536 2944 647 3020; x_wconf 90' lang='lat' dir='ltr'>etiam,</span> <span class='ocrx_word' id='word_1_151' title='bbox 662 2963 743 3029; x_wconf 90' lang='lat' dir='ltr'>quos</span> <span class='ocrx_word' id='word_1_152' title='bbox 759 2941 889 3006; x_wconf 89' lang='lat' dir='ltr'>noveris</span> <span class='ocrx_word' id='word_1_153' title='bbox 903 2942 946 3006; x_wconf 91' lang='lat' dir='ltr'>ad</span> <span class='ocrx_word' id='word_1_154' title='bbox 962 2947 1094 3007; x_wconf 84' lang='lat' dir='ltr'>tantum</span> <span class='ocrx_word' id='word_1_155' title='bbox 1117 2943 1240 3008; x_wconf 91' lang='lat' dir='ltr'>malum</span> <span class='ocrx_word' id='word_1_156' title='bbox 1263 2966 1394 3033; x_wconf 90' lang='lat' dir='ltr'>promp-</span> 
     </span>
     <span class='ocr_line' id='line_1_22' title="bbox 346 3043 1394 3134; baseline 0.001 -23"><span class='ocrx_word' id='word_1_157' title='bbox 346 3049 445 3112; x_wconf 87' lang='lat' dir='ltr'>tiores</span> <span class='ocrx_word' id='word_1_158' title='bbox 468 3045 576 3121; x_wconf 87' lang='lat' dir='ltr'>fuisse,</span> <span class='ocrx_word' id='word_1_159' title='bbox 607 3045 650 3110; x_wconf 92' lang='lat' dir='ltr'>ab</span> <span class='ocrx_word' id='word_1_160' title='bbox 680 3043 785 3109; x_wconf 91' lang='lat' dir='ltr'>officio</span> <span class='ocrx_word' id='word_1_161' title='bbox 819 3043 972 3128; x_wconf 89' lang='lat' dir='ltr'>deponas,</span> <span class='ocrx_word' id='word_1_162' title='bbox 995 3058 1027 3107; x_wconf 90' lang='lat' dir='ltr'>et</span> <span class='ocrx_word' id='word_1_163' title='bbox 1061 3043 1089 3107; x_wconf 89' lang='lat' dir='ltr'>si</span> <span class='ocrx_word' id='word_1_164' title='bbox 1123 3051 1237 3110; x_wconf 87' lang='lat' dir='ltr'>eontra</span> <span class='ocrx_word' id='word_1_165' title='bbox 1260 3069 1394 3134; x_wconf 88' lang='lat' dir='ltr'>suspen-</span> 
     </span>
     <span class='ocr_line' id='line_1_23' title="bbox 345 3145 1393 3233; baseline 0.001 -20"><span class='ocrx_word' id='word_1_166' title='bbox 345 3150 446 3213; x_wconf 86' lang='lat' dir='ltr'>sionis</span> <span class='ocrx_word' id='word_1_167' title='bbox 484 3156 544 3213; x_wconf 89' lang='lat' dir='ltr'>aut</span> <span class='ocrx_word' id='word_1_168' title='bbox 582 3145 795 3233; x_wconf 86' lang='lat' dir='ltr'>depositionis</span> <span class='ocrx_word' id='word_1_169' title='bbox 832 3146 1029 3211; x_wconf 87' lang='lat' dir='ltr'>sententiam</span> <span class='ocrx_word' id='word_1_170' title='bbox 1067 3148 1227 3225; x_wconf 87' lang='lat' dir='ltr'>venerint,</span> <span class='ocrx_word' id='word_1_171' title='bbox 1266 3172 1320 3215; x_wconf 88' lang='lat' dir='ltr'>eos</span> <span class='ocrx_word' id='word_1_172' title='bbox 1359 3152 1393 3214; x_wconf 92' lang='lat' dir='ltr'>in</span> 
     </span>
     <span class='ocr_line' id='line_1_24' title="bbox 345 3247 1393 3336; baseline 0.003 -19"><span class='ocrx_word' id='word_1_173' title='bbox 345 3252 481 3318; x_wconf 87' lang='lat' dir='ltr'>eandem</span> <span class='ocrx_word' id='word_1_174' title='bbox 528 3247 872 3315; x_wconf 83' lang='lat' dir='ltr'>excommunicationis</span> <span class='ocrx_word' id='word_1_175' title='bbox 924 3248 1128 3326; x_wconf 87' lang='lat' dir='ltr'>sententiam,</span> <span class='ocrx_word' id='word_1_176' title='bbox 1174 3251 1393 3336; x_wconf 90' lang='lat' dir='ltr'>appellatione</span> 
     </span>
    </p>
   </div>
   <div class='ocr_carea' id='block_1_3' title="bbox 344 3353 664 3431">
    <p class='ocr_par' dir='ltr' id='par_1_3' title="bbox 344 3353 664 3431">
     <span class='ocr_line' id='line_1_25' title="bbox 344 3353 664 3431; baseline -0.016 -10"><span class='ocrx_word' id='word_1_177' title='bbox 344 3359 499 3431; x_wconf 87' lang='lat' dir='ltr'>cessante,</span> <span class='ocrx_word' id='word_1_178' title='bbox 522 3353 664 3417; x_wconf 86' lang='lat' dir='ltr'>reducas.</span> 
     </span>
    </p>
   </div>
   <div class='ocr_carea' id='block_1_4' title="bbox 682 3603 1045 3614">
    <p class='ocr_par' dir='ltr' id='par_1_4' title="bbox 682 3603 1045 3614">
     <span class='ocr_line' id='line_1_26' title="bbox 682 3603 1045 3614; baseline 0.003 -3"><span class='ocrx_word' id='word_1_179' title='bbox 682 3603 1045 3614; x_wconf 56' lang='lat' dir='ltr'>w</span> 
     </span>
    </p>
   </div>
   <div class='ocr_carea' id='block_1_5' title="bbox 759 3785 974 3853">
    <p class='ocr_par' dir='ltr' id='par_1_5' title="bbox 759 3785 974 3853">
     <span class='ocr_line' id='line_1_27' title="bbox 759 3785 974 3853; baseline -0.014 0"><span class='ocrx_word' id='word_1_180' title='bbox 759 3785 974 3853; x_wconf 83' lang='lat' dir='ltr'>DCCXXIX.</span> 
     </span>
    </p>
   </div>
   <div class='ocr_carea' id='block_1_6' title="bbox 372 3939 1367 4154">
    <p class='ocr_par' dir='ltr' id='par_1_6' title="bbox 372 3939 1367 4154">
     <span class='ocr_line' id='line_1_28' title="bbox 372 3939 1367 4009; baseline -0.006 0"><span class='ocrx_word' id='word_1_181' title='bbox 372 3944 559 4009; x_wconf 80' lang='lat' dir='ltr'>Hsusrous</span> <span class='ocrx_word' id='word_1_182' title='bbox 581 3942 783 4006; x_wconf 78' lang='lat' dir='ltr'>Aueuosun</span> <span class='ocrx_word' id='word_1_183' title='bbox 806 3956 876 4003; x_wconf 80' lang='lat' dir='ltr'>sax</span> <span class='ocrx_word' id='word_1_184' title='bbox 898 3953 946 4002; x_wconf 75' lang='lat' dir='ltr'>au</span> <span class='ocrx_word' id='word_1_185' title='bbox 968 3939 1221 4003; x_wconf 76' lang='lat' dir='ltr'>Aunmnuuun</span> <span class='ocrx_word' id='word_1_186' title='bbox 1245 3953 1367 4003; x_wconf 77' lang='lat' dir='ltr'>rursu.</span> 
     </span>
     <span class='ocr_line' id='line_1_29' title="bbox 703 4089 1026 4154; baseline -0.015 -12"><span class='ocrx_word' id='word_1_187' title='bbox 703 4090 826 4154; x_wconf 80' lang='lat' dir='ltr'>(c.1ae;</span> <span class='ocrx_word' id='word_1_188' title='bbox 844 4091 877 4142; x_wconf 87' lang='lat' dir='ltr'>o.</span> <span class='ocrx_word' id='word_1_189' title='bbox 889 4089 944 4140; x_wconf 82' lang='lat' dir='ltr'>r01.</span> <span class='ocrx_word' id='word_1_190' title='bbox 955 4089 1026 4150; x_wconf 75' lang='lat' dir='ltr'>aas.)</span> 
     </span>
    </p>
   </div>
   <div class='ocr_carea' id='block_1_7' title="bbox 343 4219 1389 4516">
    <p class='ocr_par' dir='ltr' id='par_1_7' title="bbox 343 4219 1389 4516">
     <span class='ocr_line' id='line_1_30' title="bbox 387 4219 1388 4310; baseline -0.009 -17"><span class='ocrx_word' id='word_1_191' title='bbox 387 4224 576 4293; x_wconf 87' lang='lat' dir='ltr'>Venerabili</span> <span class='ocrx_word' id='word_1_192' title='bbox 598 4223 688 4310; x_wconf 91' lang='lat' dir='ltr'>patri</span> <span class='ocrx_word' id='word_1_193' title='bbox 702 4242 894 4307; x_wconf 90' lang='lat' dir='ltr'>summoque</span> <span class='ocrx_word' id='word_1_194' title='bbox 916 4220 1065 4307; x_wconf 90' lang='lat' dir='ltr'>pontifici</span> <span class='ocrx_word' id='word_1_195' title='bbox 1081 4219 1279 4300; x_wconf 85' lang='lat' dir='ltr'>Alexandro,</span> <span class='ocrx_word' id='word_1_196' title='bbox 1297 4220 1388 4286; x_wconf 92' lang='lat' dir='ltr'>Hen-</span> 
     </span>
     <span class='ocr_line' id='line_1_31' title="bbox 343 4321 1389 4412; baseline -0.008 -16"><span class='ocrx_word' id='word_1_197' title='bbox 343 4331 430 4397; x_wconf 89' lang='lat' dir='ltr'>ricus</span> <span class='ocrx_word' id='word_1_198' title='bbox 463 4350 522 4394; x_wconf 87' lang='lat' dir='ltr'>rex</span> <span class='ocrx_word' id='word_1_199' title='bbox 545 4326 686 4412; x_wconf 85' lang='lat' dir='ltr'>Angliae,</span> <span class='ocrx_word' id='word_1_200' title='bbox 713 4324 783 4388; x_wconf 86' lang='lat' dir='ltr'>dux</span> <span class='ocrx_word' id='word_1_201' title='bbox 815 4322 1029 4387; x_wconf 84' lang='lat' dir='ltr'>Normanniae</span> <span class='ocrx_word' id='word_1_202' title='bbox 1063 4328 1097 4387; x_wconf 91' lang='lat' dir='ltr'>et</span> <span class='ocrx_word' id='word_1_203' title='bbox 1129 4321 1321 4407; x_wconf 83' lang='lat' dir='ltr'>Aquitaniae</span> <span class='ocrx_word' id='word_1_204' title='bbox 1356 4329 1389 4388; x_wconf 93' lang='lat' dir='ltr'>et</span> 
     </span>
     <span class='ocr_line' id='line_1_32' title="bbox 343 4423 1349 4516; baseline -0.009 -18"><span class='ocrx_word' id='word_1_205' title='bbox 343 4454 449 4499; x_wconf 89' lang='lat' dir='ltr'>comes</span> <span class='ocrx_word' id='word_1_206' title='bbox 471 4428 683 4516; x_wconf 81' lang='lat' dir='ltr'>Andegaviae,</span> <span class='ocrx_word' id='word_1_207' title='bbox 707 4426 848 4492; x_wconf 87' lang='lat' dir='ltr'>salutem</span> <span class='ocrx_word' id='word_1_208' title='bbox 872 4431 906 4490; x_wconf 90' lang='lat' dir='ltr'>et</span> <span class='ocrx_word' id='word_1_209' title='bbox 929 4424 1073 4489; x_wconf 89' lang='lat' dir='ltr'>debitam</span> <span class='ocrx_word' id='word_1_210' title='bbox 1097 4423 1349 4490; x_wconf 86' lang='lat' dir='ltr'>venerationem.</span> 
     </span>
    </p>
   </div>
   <div class='ocr_carea' id='block_1_8' title="bbox 375 4647 1105 4788">
    <p class='ocr_par' dir='ltr' id='par_1_8' title="bbox 375 4647 1105 4788">
     <span class='ocr_line' id='line_1_33' title="bbox 381 4647 1105 4712; baseline -0.008 -8"><span class='ocrx_word' id='word_1_211' title='bbox 381 4655 389 4688; x_wconf 87' lang='lat'><em>¹</em></span> <span class='ocrx_word' id='word_1_212' title='bbox 404 4651 585 4711; x_wconf 57' lang='lat' dir='ltr'>Postmodum.</span> <span class='ocrx_word' id='word_1_213' title='bbox 862 4648 868 4665; x_wconf 82' lang='lat'>⁸</span> <span class='ocrx_word' id='word_1_214' title='bbox 921 4648 932 4680; x_wconf 81' lang='lat'>⁸</span> <span class='ocrx_word' id='word_1_215' title='bbox 950 4663 1059 4712; x_wconf 71' lang='lat' dir='ltr'>opressa,</span> <span class='ocrx_word' id='word_1_216' title='bbox 1072 4647 1105 4698; x_wconf 88' lang='lat' dir='ltr'>G.</span> 
     </span>
     <span class='ocr_line' id='line_1_34' title="bbox 375 4672 871 4788; baseline -0.01 -4"><span class='ocrx_word' id='word_1_217' title='bbox 375 4736 427 4788; x_wconf 64' lang='lat' dir='ltr'>let</span> <span class='ocrx_word' id='word_1_218' title='bbox 445 4770 451 4783; x_wconf 92' lang='lat'>.</span> <span class='ocrx_word' id='word_1_219' title='bbox 471 4769 476 4781; x_wconf 94' lang='lat'>.</span> <span class='ocrx_word' id='word_1_220' title='bbox 496 4770 501 4782; x_wconf 92' lang='lat'>.</span> <span class='ocrx_word' id='word_1_221' title='bbox 519 4729 626 4788; x_wconf 77' lang='lat' dir='ltr'>luberet,</span> <span class='ocrx_word' id='word_1_222' title='bbox 638 4745 688 4780; x_wconf 90' lang='lat' dir='ltr'>om.</span> <span class='ocrx_word' id='word_1_223' title='bbox 702 4727 734 4779; x_wconf 89' lang='lat' dir='ltr'>G.</span> <span class='ocrx_word' id='word_1_224' title='bbox 863 4672 871 4779; x_wconf 86' lang='lat' dir='ltr'>l</span> 
     </span>
    </p>
   </div>
   <div class='ocr_carea' id='block_1_9' title="bbox 0 0 1644 5662">
    <p class='ocr_par' dir='ltr' id='par_1_9' title="bbox 0 0 1644 5662">
     <span class='ocr_line' id='line_1_35' title="bbox 0 0 1644 5662; baseline 0 2"><span class='ocrx_word' id='word_1_225' title='bbox 0 0 1644 5662; x_wconf 95' lang='lat' dir='ltr'> </span> 
     </span>
    </p>
   </div>
  </div>
 </body>
</html>
