3278 5662
373 765 437 828 556
824 776 1003 829 urrerem.
1232 766 1322 851 [nn.
1338 764 1442 836 11⁷8.

369 984 451 1045 sero,
489 969 524 1030 et
557 965 600 1030 ob
638 962 703 1030 Dei
740 962 999 1031 miserioordiem
1030 965 1172 1053 supplex
1209 964 1361 1045 obsecro,
1392 986 1438 1033 no

368 1066 451 1131 mihi
490 1066 741 1132 detrahentibus
780 1067 1003 1153 eequieseetis,
1041 1087 1084 1133 ne
1123 1067 1295 1135 mennehis
1343 1067 1435 1136 Gan·

368 1167 590 1232 tueriensibus
613 1168 650 1233 in
682 1166 734 1232 his
769 1189 845 1253 quae
867 1168 1013 1255 maligne
1040 1168 1223 1254 lequuntur
1245 1170 1433 1236 adversum

367 1290 429 1346 me,
451 1269 550 1335 fidem
585 1269 795 1355 aliquetenus
828 1269 987 1337 habeatis.
1033 1270 1141 1336 Aiunt
1172 1271 1263 1338 enim
1295 1294 1353 1340 me
1383 1274 1429 1341 ed

367 1370 682 1457 archiepiscopatum
721 1368 995 1437 Gentueriensem
1032 1372 1167 1450 ambire,
1207 1378 1242 1439 et
1280 1373 1324 1440 ob
1363 1374 1429 1443 hoe

367 1472 540 1538 electiones
573 1493 654 1558 ques
686 1472 727 1536 de
760 1472 835 1537 eliis
866 1472 995 1539 feeiunt
1028 1472 1136 1539 modis
1171 1474 1328 1541 omnibus
1362 1475 1427 1541 im·

365 1573 486 1658 pedire.
532 1570 639 1636 Novit
677 1572 753 1657 Ipse
790 1573 847 1657 qui
886 1573 1010 1639 veritas
1049 1580 1109 1652 est,
1131 1574 1263 1639 nullum
1303 1575 1428 1643 horum

366 1693 480 1738 verum
503 1694 580 1739 esse.
626 1673 668 1737 In
690 1675 894 1760 promotione
918 1696 992 1741 mee
1025 1676 1132 1761 prime
1157 1673 1312 1744 cluniaci
1333 1679 1428 1765 prior

365 1773 522 1859 quidem¹
560 1796 634 1839 sum
678 1775 881 1841 constitutus
918 1777 955 1840 in
993 1776 1118 1855 ordine,
1166 1777 1289 1845 dehine
1334 1780 1428 1865 prior

365 1873 626 1953 Abbatis-Villae,
649 1876 728 1942 hine
761 1877 862 1942 obbas
896 1876 1115 1956 Gloeeestriae,
1139 1884 1215 1965 post
1250 1878 1428 1966 episeopus
1542 1870 1546 1875 ’

367 1977 635 2056 Her-ofordiensis,
679 1978 759 2044 hine
803 1977 985 2045 translatus
1029 1978 1271 2047 Londoniem²
1337 1982 1428 2049 Oen·

364 2078 504 2143 fidenter
546 2100 654 2144 assero
700 2079 788 2165 quod
832 2079 876 2144 sd
929 2078 1060 2144 nullum
1115 2079 1235 2147 horum
1284 2083 1425 2163 ambivi,

365 2199 503 2263 quorum
535 2184 645 2247 temen
681 2179 945 2265 unumquodque,
976 2180 1190 2266 permittente
1228 2180 1311 2260 Deo,
1344 2205 1422 2251 eon·

364 2287 539 2367 sequenter
561 2282 699 2348 obtinui.
746 2282 787 2346 In
817 2282 950 2348 seeretis
980 2283 1095 2369 iteque
1126 2284 1233 2350 cordis
1256 2286 1323 2351 mei
1345 2286 1422 2354 dieo

364 2382 507 2449 Domino
530 2383 601 2448 Deo
623 2403 708 2461 mee,
729 2384 817 2468 quod
840 2382 963 2471 suffieit
984 2384 1068 2448 mibi
1090 2385 1200 2471 gretie
1221 2408 1304 2466 sue3
1343 2387 1421 2455 dieo

364 2489 398 2550 et
436 2485 541 2562 vobis,
573 2485 706 2550 domino
741 2506 813 2550 mee
835 2484 1013 2564 entissime,
1036 2487 1123 2572 quod
1148 2485 1293 2553 suffieit⁸
1331 2488 1420 2554 mihi

363 2587 399 2650 in
430 2586 483 2652 his
521 2586 652 2652 indulte
686 2607 706 2652 u
745 2587 839 2652 vobis
876 2586 1112 2674 benignissime
1134 2588 1257 2675 ¹'gretie
1295 2596 1420 2657 vestre.

364 2688 507 2756 Avertat
530 2709 550 2754 u
572 2711 625 2754 me
647 2688 810 2754 Dominus
843 2690 927 2755 hene
958 2689 1184 2775 cupiditatem.
1230 2691 1377 2758 Avertet
1398 2714 1422 2759 e

363 2790 458 2856 vobis
493 2790 711 2876 Omnipotens
743 2811 912 2856 assensum
946 2790 982 2853 in
1014 2790 1076 2857 hoe
1108 2790 1278 2875 praebendi
1311 2792 1420 2860 omni-

363 2893 461 2958 modo
484 2892 701 2958 voluntatem.

408 2994 445 3060 Si
480 3016 558 3059 vero
582 2994 756 3060 electiones
790 3013 866 3058 sues
897 2991 1107 3077 aliquetenus
1145 2994 1317 3079 impedivi,
1340 2995 1420 3065 hine

215 3148 276 3182 ono
362 3099 500 3183 potestis
523 3096 705 3164 advertere.
750 3094 861 3160 Primo
884 3095 925 3160 de
955 3095 1088 3160 domine
1112 3095 1281 3163 Beioeeusi
1303 3104 1419 3187 uotum

209 3214 308 3247 nare-
362 3206 419 3265 est.
468 3199 565 3278 Quod
588 3197 747 3283 episeopis
770 3196 862 3282 regni
886 3196 988 3260 vestri
1011 3196 1090 3261 lieet
1111 3218 1213 3283 greve
1236 3199 1418 3281 videretur,

209 3280 231 3313 ¹⁸
250 3282 292 3316 ⁰⁸
361 3322 473 3366 omues
508 3312 629 3375 temen,
652 3319 746 3383 opem
781 3297 905 3362 ferente
940 3295 1093 3375 Domine,
1115 3299 1158 3364 ud
1191 3299 1254 3366 hoe
1286 3302 1418 3383 induxi,

360 3410 399 3467 ut
438 3404 474 3466 in
512 3402 621 3487 ipsum
659 3399 867 3476 assentirent,
899 3400 1071 3485 ipsumque
1105 3402 1269 3486 suscipere
1302 3408 1415 3490 peruti

361 3510 477 3569 essent.
533 3502 604 3568 Soli
637 3500 788 3566 meneehi
821 3505 1017 3586 respuerunt
1048 3502 1137 3586 quod
1158 3523 1217 3568 vos
1248 3506 1417 3593 preeeipue

359 3604 444 3669 velle
476 3599 724 3689 cognoverunt.4
778 3600 829 3665 De
864 3600 1018 3668 Beeeensi
1056 3602 1264 3687 postmodnm
1299 3612 1416 3674 eetum

359 3712 417 3770 est.
465 3702 562 3785 Quod
585 3703 663 3769 lieet
685 3703 917 3789 giuvissimum
951 3703 1103 3769 omnibus
1126 3706 1218 3791 regni
1236 3708 1416 3797 ¹episeopis

358 3807 537 3882 videretur,
560 3805 667 3871 multe
702 3810 814 3869 temen
836 3805 1000 3870 instentie
1022 3810 1056 3870 et
1085 3805 1251 3874 industrie
1272 3808 1417 3892 obtinui,

358 3914 398 3974 ut
420 3910 457 3973 in
479 3909 588 3994 ipsum
612 3906 820 3972 assentiendo
852 3927 920 3972 suae
954 3908 1208 3993 preejudieerent
1236 3911 1416 3981 voluntati.

356 4012 411 4076 Ad
434 4010 598 4087 ultimum,
622 4008 665 4074 ed
696 4007 851 4073 abbetem
886 4008 927 4073 de
964 4007 1114 4075 Cereseio
1149 4010 1321 4078 decursum
1354 4022 1415 4084 est,

359 4114 455 4196 Quod
492 4112 571 4179 lieet
608 4116 642 4176 et
681 4109 841 4195 episeopis
891 4115 926 4174 et
962 4110 1115 4177 omnibus
1155 4117 1253 4179 terres
1291 4122 1416 4185 vestrae

358 4215 544 4292 abbatibus,
567 4211 787 4297 omnibusque
809 4212 903 4297 regni
926 4214 1027 4278 vestri
1050 4214 1196 4298 personis
1219 4236 1286 4281 non
1305 4218 1415 4287 solum

357 4342 456 4409 gravo
490 4317 668 4392 videretur,
692 4334 808 4381 verum
841 4317 876 4378 et
910 4313 1183 4399 indignissimum,
1208 4338 1267 4404 ego
1289 4323 1413 4401 temen,

392 4533 400 4566 ¹
418 4530 530 4595 quidum,
543 4528 580 4590 C;
599 4525 705 4592 quidem,
717 4525 750 4577 G.
939 4523 950 4556 ³
965 4524 1125 4590 nffcr'enter,
1137 4526 1170 4576 G.

389 4612 400 4644 ²
418 4608 566 4669 lundonie,
587 4605 620 4657 G.
653 4604 721 4670 (mo
741 4602 861 4657 termine·
940 4603 952 4635 ⁴
968 4603 1133 4670 coenoverint,
1145 4604 1177 4656 G.

355 4689 409 4741 tion
420 4688 443 4740 is
454 4686 633 4752 eonjeeturul.)
