3278 5662
215 2648 279 2696 How
290 2647 310 2698 it
320 2650 343 2700 ie

212 2717 323 2767 uvertcd.

209 3667 262 3718 Tho
275 3683 343 3719 mur·

390 755 456 823 474
832 767 1009 817 11111011.
1253 751 1331 834 [an.
1350 750 1453 821 1171.

387 958 485 1024 modo
522 957 594 1022 fieri
632 959 752 1041 posset,
790 975 859 1031 nos,
890 954 976 1020 sicut
1014 953 1116 1030 decet,
1154 957 1190 1019 11
1220 952 1330 1019 111111
1353 953 1450 1018 debi-

386 1064 473 1125 tores
506 1060 599 1124 vobis
631 1080 756 1134 sumus,
783 1077 930 1142 personae
958 1062 1076 1121 vestrae
1111 1055 1252 1121 dedecus
1274 1062 1308 1121 et
1339 1056 1449 1120 totius

386 1168 483 1226 torrae
521 1166 641 1226 vestrae
679 1180 859 1244 gravamen
897 1158 1060 1224 sustinere
1089 1179 1157 1223 non
1195 1157 1351 1234 vedentes,
1384 1179 1449 1223 nee

387 1262 551 1338 debentes,
590 1259 748 1337 tandem,²
794 1260 982 1326 convocatis
1027 1260 1124 1325 sociis
1165 1260 1288 1324 nostris
1333 1280 1446 1325 coram

386 1364 583 1449 quibusdam
606 1362 839 1439 cardinalibus,
864 1362 954 1427 viam
987 1362 1176 1426 invenimus
1199 1361 1300 1426 saluti
1322 1366 1445 1426 vestras

386 1470 420 1530 et
441 1465 558 1528 honori
581 1462 716 1529 vesu-0³
738 1464 857 1528 bonam
879 1468 913 1527 11
936 1484 1091 1538 securam,
1109 1469 1143 1528 ot
1165 1463 1330 1528 universae
1344 1467 1445 1527 terroe

385 1571 504 1631 vestrae
539 1566 664 1643 utilem,
698 1569 732 1629 et
770 1565 929 1650 episcopis
968 1565 1192 1642 necessariam,
1224 1586 1284 1650 pro
1321 1583 1389 1648 qua
1423 1586 1445 1627 a

384 1669 487 1745 vebia,
506 1674 540 1733 et
562 1689 583 1732 a
605 1673 694 1733 terra
716 1674 837 1743 vestra,
861 1673 896 1732 et
917 1668 960 1732 ab
983 1668 1144 1752 episcopis
1160 1667 1278 1732 vestris
1300 1667 1443 1731 dedecus

384 1776 418 1835 et
441 1770 622 1856 perieulum
645 1769 735 1855 quod
761 1770 958 1835 imminebat
987 1770 1180 1846 avertimus,
1203 1773 1237 1834 11
1259 1789 1318 1834 nos
1352 1769 1442 1853 ipsos

384 1893 443 1958 pro
457 1872 520 1937 hac
543 1871 739 1937 liberatione
754 1870 837 1935 toti4
852 1870 998 1956 periculo
1014 1871 1226 1957 exposuimus
1239 1894 1247 1949 ;
1270 1870 1442 1936 credentes

385 1980 419 2039 et
441 1980 563 2041 certam
587 1997 678 2061 spem
705 1973 875 2051 habentes,
899 1973 987 2058 quod
1022 1980 1131 2039 totum
1165 1973 1335 2060 negotium
1367 1994 1441 2038 ves·

385 2076 496 2140 trum¹⁵
518 2075 708 2162 procederet
742 2075 922 2141 secundum
946 2075 1035 2159 quod
1062 2072 1442 2151 11111111110111111,6

384 2184 419 2243 et
441 2178 620 2243 secundum
644 2178 732 2262 quod
758 2177 880 2243 seimus
902 2197 961 2241 vos
995 2176 1081 2242 velle
1113 2176 1238 2242 debere.
1284 2175 1442 2240 'limore⁷

383 2264 525 2364 namque
547 2278 724 2366 perterriti,
750 2277 867 2344 iisdem
893 2277 1117 2345 cardinalibus
1148 2277 1439 2357 intercedentibus,

382 2381 640 2468 significavimus
664 2380 797 2446 domino
821 2402 916 2467 papae
940 2402 999 2445 nos
1021 2381 1182 2466 accepisse
1205 2381 1241 2445 in
1272 2380 1439 2445 mandatis

381 2504 403 2548 a
425 2484 529 2561 vobis,
552 2483 640 2568 quod
658 2482 847 2567 juraremus
878 2483 1114 2567 inpraesentia
1145 2482 1225 2566 ejus,
1257 2482 1347 2567 quod
1379 2502 1439 2546 vos

382 2584 513 2649 stabitis
536 2584 693 2649 mandato
717 2604 784 2658 suo,
808 2588 843 2647 et
872 2582 934 2648 hoe
952 2582 1111 2667 jurabitis
1133 2583 1170 2647 in
1201 2583 1334 2669 propria
1365 2604 1440 2668 per-

383 2707 470 2751 sona.
517 2685 641 2750 Eadem
665 2705 742 2770 ergo
765 2684 817 2748 die
841 2684 946 2761 Jovis,
968 2684 1037 2749 fere
1060 2685 1147 2750 circa
1169 2685 1282 2749 horam
1305 2704 1438 2762 nonam,

383 2787 493 2853 vocati
515 2790 595 2851 sunt
624 2785 746 2862 nuntii,
769 2789 839 2849 tam
873 2785 976 2849 vestri
1009 2807 1109 2870 quam
1143 2787 1378 2872 episcoporum,
1402 2790 1438 2850 et

381 2890 418 2953 in
451 2889 598 2975 generali
635 2887 827 2953 consistorio
860 2889 1058 2973 juravimus,
1093 2890 1194 2955 abbas
1232 2889 1358 2956 scilicet
1394 2889 1437 2955 de

380 2988 551 3067 Wallatia,
575 2995 609 3054 et
632 2989 890 3055 saresberiensis
913 2995 949 3054 et
964 2991 1180 3056 Lexovionsis
1202 2991 1437 3068 archidiaconi,

379 3096 414 3156 11
446 3093 604 3178 magister
637 3091 811 3168 Henricus,
844 3097 879 3156 et
913 3090 1076 3157 Ricardus
1112 3093 1223 3171 Barre,
1256 3093 1344 3177 quod
1376 3114 1435 3157 vos

379 3192 511 3258 stabitis
534 3193 691 3258 mandato
723 3214 827 3278 papa-r,
851 3193 950 3257 etad
973 3199 1172 3279 praeceptum
1197 3194 1269 3279 ejus
1290 3193 1352 3258 hoc
1379 3193 1435 3277 ju-

378 3294 502 3358 rabitis.
565 3294 687 3359 Nuntii
726 3315 805 3358 vero
851 3293 1085 3380 archiepiscopi
1124 3295 1337 3362 Eboracensis
1376 3294 1434 3361 et⁸

378 3395 616 3460 Londoniensis
639 3402 673 3461 et
696 3394 949 3460 Saresberiensis
979 3397 1204 3482 episcoporum
1233 3398 1434 3482 juraverunt

377 3497 538 3574 similiter,
561 3498 649 3581 quod
684 3496 809 3560 domini
843 3497 894 3560 sui
928 3498 1067 3562 stabunt
1098 3505 1261 3584 praecepto
1293 3499 1375 3583 ejus,
1397 3503 1433 3564 et

377 3598 439 3664 hoc
456 3598 627 3683 jurabunt.
675 3597 754 3682 Ipse
777 3597 829 3661 dio
854 3603 966 3663 tamen
987 3600 1185 3684 generaliter
1207 3600 1431 3665 excommuni-

207 3735 300 3795 defers,
312 3738 357 3786 M
377 3700 467 3764 cavit
484 3698 709 3764 interfectores
726 3697 981 3776 Cantuariensis,
998 3705 1033 3763 et
1048 3721 1160 3764 omnes
1176 3702 1233 3785 qui
1256 3702 1429 3767 consilium

209 3816 353 3851 excomm·

208 3865 317 3918 nicated.

377 3800 431 3865 vel
454 3801 619 3866 auxilium
642 3799 697 3864 vel
719 3820 889 3864 assensum
917 3801 1138 3884 praebuerunt,
1155 3808 1197 3867 'et
1227 3824 1339 3867 omnes
1371 3805 1429 3888 qui

375 3902 412 3965 in
426 3906 549 3966 terram
565 3923 658 3966 suam
674 3922 729 3965 eos
744 3901 885 3966 scienter
897 3903 1082 3986 receperint
1096 3909 1156 3968 aut
1171 3903 1325 3968 foverint.
1360 3904 1428 3969 Do-

375 4004 486 4067 minus
520 4003 747 4089 Wigornensis
782 4009 817 4068 et
848 4004 1003 4069 dominus
1036 4005 1241 4071 Ebroicensis
1275 4006 1428 4093 episcopi,

376 4110 411 4171 et
433 4107 600 4171 Robertus
623 4102 687 4170 de⁹
711 4126 797 4170 novo
821 4105 934 4190 Burgo
956 4107 1098 4171 decanus
1108 4105 1133 4146 ¹⁰
1155 4106 1369 4185 Ebroicensis,
1394 4113 1429 4174 et

374 4236 418 4243 ,-
442 4234 600 4242 --.--,-
618 4233 708 4239 -——·-·
727 4234 737 4239 -
754 4232 889 4240 -——-—--..
911 4235 972 4241 ’.-
1038 4235 1088 4242 —

936 4391 970 4475 ¹⁵⁷
992 4440 1090 4488 Timore
1109 4477 1114 4489 .
1134 4478 1140 4490 .
1159 4391 1297 4505 friardum,
1309 4458 1359 4492 om.
1372 4444 1403 4495 G.

958 4519 969 4550 Β
986 4526 1018 4581 ct,
1029 4534 1079 4568 om.
1091 4519 1120 4567 L.

407 4575 418 4606 ⁴
436 4579 507 4631 1⁰1⁰&
519 4572 548 4622 0·
957 4597 967 4629 ⁹
985 4595 1017 4644 de
1028 4612 1088 4646 novo
1100 4597 1199 4662 Bur'po,
1210 4613 1261 4647 orn.
1275 4601 1305 4648 L.

406 4666 417 4697 ⁵
434 4671 547 4721 vvfflm,
560 4662 598 4723 03
616 4677 665 4712 0¹1¹·
678 4664 708 4713 L·
959 4675 980 4706 ¹⁰
998 4673 1116 4737 decanus,
1128 4674 1158 4736 O,
1171 4675 1227 4737 0*;
1245 4693 1294 4728 om.
1306 4679 1337 4730 L.

406 4391 416 4421 ³
434 4397 523 4449 curren,
535 4390 562 4438 Z.

406 4483 417 4513 ³
435 4487 524 4541 vestro,
537 4481 574 4540 (73
593 4495 642 4528 orn.
656 4481 686 4528 L.
