<?xml version="1.0" encoding="UTF-8"?>
<!DOCTYPE html PUBLIC "-//W3C//DTD XHTML 1.0 Transitional//EN"
    "http://www.w3.org/TR/xhtml1/DTD/xhtml1-transitional.dtd">
<html xmlns="http://www.w3.org/1999/xhtml" xml:lang="en" lang="en">
 <head>
  <title>
</title>
<meta http-equiv="Content-Type" content="text/html;charset=utf-8" />
  <meta name='ocr-system' content='tesseract 3.04.00' />
  <meta name='ocr-capabilities' content='ocr_page ocr_carea ocr_par ocr_line ocrx_word'/>
</head>
<body>
  <div class='ocr_page' id='page_1' title='image "./materialsforhis00robegoog_0557.png"; bbox 0 0 3278 5662; ppageno 0'>
   <div class='ocr_carea' id='block_1_1' title="bbox 366 770 1440 855">
    <p class='ocr_par' dir='ltr' id='par_1_1' title="bbox 366 770 1440 855">
     <span class='ocr_line' id='line_1_1' title="bbox 366 770 1440 855; baseline -0.004 -16"><span class='ocrx_word' id='word_1_1' title='bbox 366 778 430 843; x_wconf 79' lang='lat'><strong>534</strong></span> <span class='ocrx_word' id='word_1_2' title='bbox 804 786 983 836; x_wconf 69' lang='lat' dir='ltr'><strong>nrisromz</strong></span> <span class='ocrx_word' id='word_1_3' title='bbox 1228 770 1318 855; x_wconf 70' lang='lat' dir='ltr'><strong>[an.</strong></span> <span class='ocrx_word' id='word_1_4' title='bbox 1338 770 1440 840; x_wconf 84' lang='lat'>1172.</span> 
     </span>
    </p>
   </div>
   <div class='ocr_carea' id='block_1_2' title="bbox 366 974 1441 1761">
    <p class='ocr_par' dir='ltr' id='par_1_2' title="bbox 366 974 1441 1761">
     <span class='ocr_line' id='line_1_2' title="bbox 367 974 1441 1064; baseline 0 -21"><span class='ocrx_word' id='word_1_5' title='bbox 367 1001 463 1043; x_wconf 84' lang='lat' dir='ltr'><strong>omno</strong></span> <span class='ocrx_word' id='word_1_6' title='bbox 501 978 625 1043; x_wconf 84' lang='lat' dir='ltr'><strong>animal</strong></span> <span class='ocrx_word' id='word_1_7' title='bbox 660 976 889 1041; x_wconf 84' lang='lat' dir='ltr'><strong>benedictione</strong></span> <span class='ocrx_word' id='word_1_8' title='bbox 922 976 1055 1063; x_wconf 87' lang='lat' dir='ltr'><strong>replere,</strong></span> <span class='ocrx_word' id='word_1_9' title='bbox 1087 974 1204 1043; x_wconf 78' lang='lat' dir='ltr'><strong>videos</strong></span> <span class='ocrx_word' id='word_1_10' title='bbox 1237 999 1285 1042; x_wconf 82' lang='lat' dir='ltr'><strong>ex</strong></span> <span class='ocrx_word' id='word_1_11' title='bbox 1322 978 1441 1064; x_wconf 84' lang='lat' dir='ltr'><strong>inspe-</strong></span> 
     </span>
     <span class='ocr_line' id='line_1_3' title="bbox 367 1078 1438 1164; baseline 0 -20"><span class='ocrx_word' id='word_1_12' title='bbox 367 1088 439 1145; x_wconf 86' lang='lat' dir='ltr'><strong>rato</strong></span> <span class='ocrx_word' id='word_1_13' title='bbox 477 1086 511 1144; x_wconf 78' lang='lat' dir='ltr'><strong>et</strong></span> <span class='ocrx_word' id='word_1_14' title='bbox 548 1080 671 1144; x_wconf 83' lang='lat' dir='ltr'><strong>sentias</strong></span> <span class='ocrx_word' id='word_1_15' title='bbox 707 1084 812 1143; x_wconf 86' lang='lat' dir='ltr'><strong>totam</strong></span> <span class='ocrx_word' id='word_1_16' title='bbox 851 1078 967 1143; x_wconf 92' lang='lat' dir='ltr'><strong>mundi</strong></span> <span class='ocrx_word' id='word_1_17' title='bbox 1006 1078 1140 1143; x_wconf 91' lang='lat' dir='ltr'><strong>domum</strong></span> <span class='ocrx_word' id='word_1_18' title='bbox 1178 1078 1354 1164; x_wconf 79' lang='lat' dir='ltr'><strong>repletam</strong></span> <span class='ocrx_word' id='word_1_19' title='bbox 1396 1102 1438 1144; x_wconf 81' lang='lat' dir='ltr'><strong>ex</strong></span> 
     </span>
     <span class='ocr_line' id='line_1_4' title="bbox 367 1180 1439 1268; baseline 0 -21"><span class='ocrx_word' id='word_1_20' title='bbox 367 1185 465 1247; x_wconf 90' lang='lat' dir='ltr'><strong>odoro</strong></span> <span class='ocrx_word' id='word_1_21' title='bbox 488 1183 658 1268; x_wconf 84' lang='lat' dir='ltr'><strong>unguenti.</strong></span> <span class='ocrx_word' id='word_1_22' title='bbox 718 1182 763 1245; x_wconf 89' lang='lat' dir='ltr'><strong>Et</strong></span> <span class='ocrx_word' id='word_1_23' title='bbox 795 1187 875 1245; x_wconf 89' lang='lat' dir='ltr'><strong>tunc</strong></span> <span class='ocrx_word' id='word_1_24' title='bbox 908 1182 1009 1265; x_wconf 91' lang='lat' dir='ltr'><strong>(quod</strong></span> <span class='ocrx_word' id='word_1_25' title='bbox 1041 1180 1130 1245; x_wconf 73' lang='lat' dir='ltr'><strong>absit</strong></span> <span class='ocrx_word' id='word_1_26' title='bbox 1155 1202 1178 1246; x_wconf 85' lang='lat' dir='ltr'><strong>a</strong></span> <span class='ocrx_word' id='word_1_27' title='bbox 1203 1186 1282 1245; x_wconf 81' lang='lat' dir='ltr'><strong>tam</strong></span> <span class='ocrx_word' id='word_1_28' title='bbox 1314 1188 1439 1249; x_wconf 79' lang='lat' dir='ltr'><strong>saneto</strong></span> 
     </span>
     <span class='ocr_line' id='line_1_5' title="bbox 367 1283 1439 1369; baseline 0.001 -20"><span class='ocrx_word' id='word_1_29' title='bbox 367 1286 523 1361; x_wconf 62' lang='lat' dir='ltr'><strong>nomino)</strong></span> <span class='ocrx_word' id='word_1_30' title='bbox 552 1306 633 1349; x_wconf 81' lang='lat' dir='ltr'><strong>sonu</strong></span> <span class='ocrx_word' id='word_1_31' title='bbox 664 1284 763 1347; x_wconf 87' lang='lat' dir='ltr'><strong>nimis</strong></span> <span class='ocrx_word' id='word_1_32' title='bbox 793 1290 828 1347; x_wconf 89' lang='lat' dir='ltr'><strong>et</strong></span> <span class='ocrx_word' id='word_1_33' title='bbox 855 1304 962 1368; x_wconf 72' lang='lat' dir='ltr'><strong>parem</strong></span> <span class='ocrx_word' id='word_1_34' title='bbox 995 1283 1263 1367; x_wconf 83' lang='lat' dir='ltr'><strong>dispensationis</strong></span> <span class='ocrx_word' id='word_1_35' title='bbox 1304 1286 1439 1369; x_wconf 74' lang='lat' dir='ltr'><strong>poteris</strong></span> 
     </span>
     <span class='ocr_line' id='line_1_6' title="bbox 366 1384 1438 1475; baseline -0.002 -22"><span class='ocrx_word' id='word_1_36' title='bbox 366 1388 470 1475; x_wconf 66' lang='lat' dir='ltr'><strong>argui,</strong></span> <span class='ocrx_word' id='word_1_37' title='bbox 494 1408 567 1452; x_wconf 86' lang='lat' dir='ltr'><strong>cuin</strong></span> <span class='ocrx_word' id='word_1_38' title='bbox 600 1386 763 1450; x_wconf 76' lang='lat' dir='ltr'>Dominus</span> <span class='ocrx_word' id='word_1_39' title='bbox 797 1386 907 1470; x_wconf 83' lang='lat' dir='ltr'><strong>largus</strong></span> <span class='ocrx_word' id='word_1_40' title='bbox 939 1384 990 1449; x_wconf 85' lang='lat' dir='ltr'><strong>sit</strong></span> <span class='ocrx_word' id='word_1_41' title='bbox 1048 1384 1110 1449; x_wconf 90' lang='lat' dir='ltr'><strong>Ille</strong></span> <span class='ocrx_word' id='word_1_42' title='bbox 1132 1389 1252 1449; x_wconf 86' lang='lat' dir='ltr'><strong>nutem</strong></span> <span class='ocrx_word' id='word_1_43' title='bbox 1288 1385 1353 1471; x_wconf 90' lang='lat' dir='ltr'><strong>qui</strong></span> <span class='ocrx_word' id='word_1_44' title='bbox 1385 1394 1438 1451; x_wconf 79' lang='lat' dir='ltr'><strong>est</strong></span> 
     </span>
     <span class='ocr_line' id='line_1_7' title="bbox 367 1485 1438 1571; baseline -0.003 -16"><span class='ocrx_word' id='word_1_45' title='bbox 367 1490 520 1555; x_wconf 82' lang='lat' dir='ltr'><strong>Christus</strong></span> <span class='ocrx_word' id='word_1_46' title='bbox 554 1488 717 1553; x_wconf 82' lang='lat' dir='ltr'>Dominus</span> <span class='ocrx_word' id='word_1_47' title='bbox 741 1492 774 1552; x_wconf 87' lang='lat' dir='ltr'><strong>te</strong></span> <span class='ocrx_word' id='word_1_48' title='bbox 797 1486 956 1552; x_wconf 85' lang='lat' dir='ltr'><strong>christum</strong></span> <span class='ocrx_word' id='word_1_49' title='bbox 981 1485 1116 1550; x_wconf 86' lang='lat' dir='ltr'>Domini</span> <span class='ocrx_word' id='word_1_50' title='bbox 1147 1490 1320 1571; x_wconf 87' lang='lat' dir='ltr'><strong>perpetuo</strong></span> <span class='ocrx_word' id='word_1_51' title='bbox 1345 1488 1438 1552; x_wconf 88' lang='lat' dir='ltr'><strong>vivi·</strong></span> 
     </span>
     <span class='ocr_line' id='line_1_8' title="bbox 368 1586 1437 1675; baseline 0.001 -21"><span class='ocrx_word' id='word_1_52' title='bbox 368 1592 442 1657; x_wconf 81' lang='lat' dir='ltr'><strong>lieet</strong></span> <span class='ocrx_word' id='word_1_53' title='bbox 480 1597 514 1655; x_wconf 87' lang='lat' dir='ltr'><strong>et</strong></span> <span class='ocrx_word' id='word_1_54' title='bbox 543 1594 722 1675; x_wconf 86' lang='lat' dir='ltr'><strong>conservet,</strong></span> <span class='ocrx_word' id='word_1_55' title='bbox 755 1594 789 1654; x_wconf 89' lang='lat' dir='ltr'><strong>ot</strong></span> <span class='ocrx_word' id='word_1_56' title='bbox 827 1588 867 1653; x_wconf 90' lang='lat' dir='ltr'><strong>de</strong></span> <span class='ocrx_word' id='word_1_57' title='bbox 897 1586 1051 1652; x_wconf 85' lang='lat' dir='ltr'><strong>omnibus</strong></span> <span class='ocrx_word' id='word_1_58' title='bbox 1087 1592 1123 1653; x_wconf 81' lang='lat' dir='ltr'><strong>te</strong></span> <span class='ocrx_word' id='word_1_59' title='bbox 1153 1588 1273 1674; x_wconf 77' lang='lat' dir='ltr'>Ipsius</span> <span class='ocrx_word' id='word_1_60' title='bbox 1313 1590 1437 1657; x_wconf 89' lang='lat' dir='ltr'><strong>unctio</strong></span> 
     </span>
     <span class='ocr_line' id='line_1_9' title="bbox 366 1696 488 1761; baseline 0 -2"><span class='ocrx_word' id='word_1_61' title='bbox 366 1696 488 1761; x_wconf 84' lang='lat' dir='ltr'><strong>deceat.</strong></span> 
     </span>
    </p>
   </div>
   <div class='ocr_carea' id='block_1_3' title="bbox 771 2122 998 2190">
    <p class='ocr_par' dir='ltr' id='par_1_3' title="bbox 771 2122 998 2190">
     <span class='ocr_line' id='line_1_10' title="bbox 771 2122 998 2190; baseline -0.004 -2"><span class='ocrx_word' id='word_1_62' title='bbox 771 2122 998 2190; x_wconf 72' lang='lat' dir='ltr'><strong>Decem,</strong></span> 
     </span>
    </p>
   </div>
   <div class='ocr_carea' id='block_1_4' title="bbox 306 2276 1403 2445">
    <p class='ocr_par' dir='ltr' id='par_1_4' title="bbox 306 2276 1403 2445">
     <span class='ocr_line' id='line_1_11' title="bbox 306 2276 1403 2365; baseline 0.005 -23"><span class='ocrx_word' id='word_1_63' title='bbox 306 2360 309 2365; x_wconf 64' lang='lat'><strong>,</strong></span> <span class='ocrx_word' id='word_1_64' title='bbox 338 2338 343 2347; x_wconf 90' lang='grc'>,</span> <span class='ocrx_word' id='word_1_65' title='bbox 399 2279 617 2343; x_wconf 76' lang='lat' dir='ltr'><strong>dnnxlsnnn</strong></span> <span class='ocrx_word' id='word_1_66' title='bbox 639 2291 728 2341; x_wconf 75' lang='lat' dir='ltr'><strong>rios</strong></span> <span class='ocrx_word' id='word_1_67' title='bbox 750 2291 799 2340; x_wconf 77' lang='lat' dir='ltr'><strong>nn</strong></span> <span class='ocrx_word' id='word_1_68' title='bbox 822 2276 1126 2343; x_wconf 75' lang='lat' dir='ltr'><strong>Bionnonounun</strong></span> <span class='ocrx_word' id='word_1_69' title='bbox 1151 2276 1403 2347; x_wconf 80' lang='lat' dir='ltr'><strong>Exournusuu</strong></span> 
     </span>
     <span class='ocr_line' id='line_1_12' title="bbox 789 2394 991 2445; baseline 0.02 -4"><span class='ocrx_word' id='word_1_70' title='bbox 789 2394 991 2445; x_wconf 82' lang='lat' dir='ltr'><strong>nrrseoruu.</strong></span> 
     </span>
    </p>
   </div>
   <div class='ocr_carea' id='block_1_5' title="bbox 652 2530 1126 2593">
    <p class='ocr_par' dir='ltr' id='par_1_5' title="bbox 652 2530 1126 2593">
     <span class='ocr_line' id='line_1_13' title="bbox 652 2530 1126 2593; baseline 0 -11"><span class='ocrx_word' id='word_1_71' title='bbox 652 2530 697 2593; x_wconf 86' lang='lat' dir='ltr'><strong>(C.</strong></span> <span class='ocrx_word' id='word_1_72' title='bbox 709 2534 755 2581; x_wconf 77' lang='lat'><strong>2³1</strong></span> <span class='ocrx_word' id='word_1_73' title='bbox 767 2552 773 2591; x_wconf 86' lang='lat'><strong>;</strong></span> <span class='ocrx_word' id='word_1_74' title='bbox 792 2531 820 2580; x_wconf 90' lang='lat' dir='ltr'><strong>Z.</strong></span> <span class='ocrx_word' id='word_1_75' title='bbox 832 2547 856 2580; x_wconf 82' lang='lat' dir='ltr'><strong>r.</strong></span> <span class='ocrx_word' id='word_1_76' title='bbox 871 2534 934 2592; x_wconf 76' lang='lat'><strong>1033</strong></span> <span class='ocrx_word' id='word_1_77' title='bbox 951 2531 1041 2582; x_wconf 82' lang='lat' dir='ltr'><strong>Thom.</strong></span> <span class='ocrx_word' id='word_1_78' title='bbox 1053 2532 1126 2593; x_wconf 76' lang='grc'>356.)</span> 
     </span>
    </p>
   </div>
   <div class='ocr_carea' id='block_1_6' title="bbox 192 2662 1435 4403">
    <p class='ocr_par' dir='ltr' id='par_1_6' title="bbox 367 2662 1435 2951">
     <span class='ocr_line' id='line_1_14' title="bbox 408 2662 1435 2747; baseline 0.006 -20"><span class='ocrx_word' id='word_1_79' title='bbox 408 2663 601 2727; x_wconf 73' lang='lat' dir='ltr'><strong>Alexander</strong></span> <span class='ocrx_word' id='word_1_80' title='bbox 633 2663 752 2727; x_wconf 84' lang='lat' dir='ltr'><strong>tertius</strong></span> <span class='ocrx_word' id='word_1_81' title='bbox 785 2662 964 2747; x_wconf 80' lang='lat' dir='ltr'><strong>episeopus,</strong></span> <span class='ocrx_word' id='word_1_82' title='bbox 997 2683 1110 2729; x_wconf 84' lang='lat' dir='ltr'><strong>servus</strong></span> <span class='ocrx_word' id='word_1_83' title='bbox 1141 2686 1321 2731; x_wconf 88' lang='lat' dir='ltr'><strong>servorum</strong></span> <span class='ocrx_word' id='word_1_84' title='bbox 1356 2668 1435 2747; x_wconf 85' lang='lat' dir='ltr'><strong>Dei,</strong></span> 
     </span>
     <span class='ocr_line' id='line_1_15' title="bbox 367 2761 1433 2857; baseline 0.008 -27"><span class='ocrx_word' id='word_1_85' title='bbox 367 2764 547 2830; x_wconf 85' lang='lat' dir='ltr'><strong>vonerabili</strong></span> <span class='ocrx_word' id='word_1_86' title='bbox 589 2762 686 2827; x_wconf 84' lang='lat' dir='ltr'><strong>fratri</strong></span> <span class='ocrx_word' id='word_1_87' title='bbox 717 2761 988 2849; x_wconf 74' lang='lat' dir='ltr'><strong>B[a1tholomzeo]</strong></span> <span class='ocrx_word' id='word_1_88' title='bbox 1036 2764 1215 2831; x_wconf 85' lang='lat' dir='ltr'><strong>Exoniensi</strong></span> <span class='ocrx_word' id='word_1_89' title='bbox 1255 2770 1433 2857; x_wconf 84' lang='lat' dir='ltr'><strong>episeopo,</strong></span> 
     </span>
     <span class='ocr_line' id='line_1_16' title="bbox 376 2864 1117 2951; baseline 0.003 -22"><span class='ocrx_word' id='word_1_90' title='bbox 376 2866 516 2929; x_wconf 71' lang='lat' dir='ltr'><strong>salutem</strong></span> <span class='ocrx_word' id='word_1_91' title='bbox 539 2871 574 2929; x_wconf 88' lang='lat' dir='ltr'><strong>et</strong></span> <span class='ocrx_word' id='word_1_92' title='bbox 596 2864 808 2951; x_wconf 81' lang='lat' dir='ltr'><strong>apostolicam</strong></span> <span class='ocrx_word' id='word_1_93' title='bbox 832 2864 1117 2932; x_wconf 88' lang='lat' dir='ltr'><strong>benedictionem.¹</strong></span> 
     </span>
    </p>

    <p class='ocr_par' dir='ltr' id='par_1_7' title="bbox 192 2966 1433 4403">
     <span class='ocr_line' id='line_1_17' title="bbox 194 2966 1433 3059; baseline 0.006 -27"><span class='ocrx_word' id='word_1_94' title='bbox 194 2982 328 3059; x_wconf 62' lang='lat' dir='ltr'><strong>ilesunc</strong></span> <span class='ocrx_word' id='word_1_95' title='bbox 415 2968 511 3033; x_wconf 79' lang='lat' dir='ltr'><strong>Sicut</strong></span> <span class='ocrx_word' id='word_1_96' title='bbox 545 2966 683 3053; x_wconf 83' lang='lat' dir='ltr'><strong>dignum</strong></span> <span class='ocrx_word' id='word_1_97' title='bbox 718 2972 770 3031; x_wconf 85' lang='lat' dir='ltr'><strong>est</strong></span> <span class='ocrx_word' id='word_1_98' title='bbox 803 2972 837 3031; x_wconf 85' lang='lat' dir='ltr'><strong>et</strong></span> <span class='ocrx_word' id='word_1_99' title='bbox 871 2968 960 3031; x_wconf 88' lang='lat' dir='ltr'><strong>omni</strong></span> <span class='ocrx_word' id='word_1_100' title='bbox 998 2974 1256 3035; x_wconf 78' lang='lat' dir='ltr'><strong>consentaneum</strong></span> <span class='ocrx_word' id='word_1_101' title='bbox 1299 2976 1433 3043; x_wconf 86' lang='lat' dir='ltr'><strong>rationi</strong></span> 
     </span>
     <span class='ocr_line' id='line_1_18' title="bbox 193 3051 1431 3180; baseline 0.011 -48"><span class='ocrx_word' id='word_1_102' title='bbox 193 3051 351 3180; x_wconf 57' lang='lat' dir='ltr'><strong>{ffim‘</strong></span> <span class='ocrx_word' id='word_1_103' title='bbox 364 3092 482 3157; x_wconf 79' lang='lat' dir='ltr'><strong>graves</strong></span> <span class='ocrx_word' id='word_1_104' title='bbox 513 3074 547 3134; x_wconf 89' lang='lat' dir='ltr'><strong>ct</strong></span> <span class='ocrx_word' id='word_1_105' title='bbox 574 3068 721 3135; x_wconf 88' lang='lat' dir='ltr'><strong>difficiles</strong></span> <span class='ocrx_word' id='word_1_106' title='bbox 754 3069 952 3155; x_wconf 66' lang='lat' dir='ltr'><strong>quaestiones</strong></span> <span class='ocrx_word' id='word_1_107' title='bbox 984 3071 1027 3135; x_wconf 86' lang='lat' dir='ltr'><strong>ad</strong></span> <span class='ocrx_word' id='word_1_108' title='bbox 1057 3094 1195 3138; x_wconf 81' lang='lat' dir='ltr'><strong>examen</strong></span> <span class='ocrx_word' id='word_1_109' title='bbox 1227 3078 1431 3161; x_wconf 65' lang='lat' dir='ltr'><strong>apostolieae</strong></span> 
     </span>
     <span class='ocr_line' id='line_1_19' title="bbox 192 3170 1431 3269; baseline 0.017 -40"><span class='ocrx_word' id='word_1_110' title='bbox 192 3182 273 3245; x_wconf 68' lang='lat' dir='ltr'><strong>guilty</strong></span> <span class='ocrx_word' id='word_1_111' title='bbox 286 3182 311 3231; x_wconf 81' lang='lat' dir='ltr'><strong>in</strong></span> <span class='ocrx_word' id='word_1_112' title='bbox 364 3175 450 3239; x_wconf 85' lang='lat' dir='ltr'><strong>sedis</strong></span> <span class='ocrx_word' id='word_1_113' title='bbox 474 3170 614 3249; x_wconf 74' lang='lat' dir='ltr'><strong>deferri,²</strong></span> <span class='ocrx_word' id='word_1_114' title='bbox 645 3173 694 3237; x_wconf 86' lang='lat' dir='ltr'><strong>ita</strong></span> <span class='ocrx_word' id='word_1_115' title='bbox 718 3172 818 3237; x_wconf 85' lang='lat' dir='ltr'><strong>etiam</strong></span> <span class='ocrx_word' id='word_1_116' title='bbox 843 3172 948 3248; x_wconf 86' lang='lat' dir='ltr'><strong>nobis,</strong></span> <span class='ocrx_word' id='word_1_117' title='bbox 972 3195 1014 3238; x_wconf 86' lang='lat' dir='ltr'><strong>ex</strong></span> <span class='ocrx_word' id='word_1_118' title='bbox 1037 3176 1222 3241; x_wconf 83' lang='lat' dir='ltr'><strong>ministerio</strong></span> <span class='ocrx_word' id='word_1_119' title='bbox 1253 3187 1431 3269; x_wconf 75' lang='lat' dir='ltr'><strong>susceptos</strong></span> 
     </span>
     <span class='ocr_line' id='line_1_20' title="bbox 193 3249 1431 3364; baseline 0.012 -25"><span class='ocrx_word' id='word_1_120' title='bbox 193 3249 350 3312; x_wconf 69' lang='lat' dir='ltr'><strong>”¹¹p⁹‘⁸⁰¹¹⁵&#39;</strong></span> <span class='ocrx_word' id='word_1_121' title='bbox 363 3275 604 3351; x_wconf 78' lang='lat' dir='ltr'><strong>sollicitudinis,</strong></span> <span class='ocrx_word' id='word_1_122' title='bbox 629 3274 781 3339; x_wconf 87' lang='lat' dir='ltr'><strong>imminet</strong></span> <span class='ocrx_word' id='word_1_123' title='bbox 803 3275 933 3339; x_wconf 83' lang='lat' dir='ltr'><strong>easdem</strong></span> <span class='ocrx_word' id='word_1_124' title='bbox 956 3278 1165 3360; x_wconf 71' lang='lat' dir='ltr'><strong>quaestiones,</strong></span> <span class='ocrx_word' id='word_1_125' title='bbox 1194 3286 1298 3364; x_wconf 89' lang='lat' dir='ltr'><strong>prout</strong></span> <span class='ocrx_word' id='word_1_126' title='bbox 1326 3286 1431 3354; x_wconf 90' lang='lat' dir='ltr'><strong>nobis</strong></span> 
     </span>
     <span class='ocr_line' id='line_1_21' title="bbox 363 3377 1430 3464; baseline 0.012 -20"><span class='ocrx_word' id='word_1_127' title='bbox 363 3380 455 3445; x_wconf 87' lang='lat' dir='ltr'><strong>Deus</strong></span> <span class='ocrx_word' id='word_1_128' title='bbox 485 3378 623 3455; x_wconf 78' lang='lat' dir='ltr'><strong>dederit,</strong></span> <span class='ocrx_word' id='word_1_129' title='bbox 656 3377 793 3455; x_wconf 76' lang='lat' dir='ltr'><strong>solvere,</strong></span> <span class='ocrx_word' id='word_1_130' title='bbox 824 3384 858 3442; x_wconf 84' lang='lat' dir='ltr'><strong>et</strong></span> <span class='ocrx_word' id='word_1_131' title='bbox 891 3378 1031 3464; x_wconf 80' lang='lat' dir='ltr'><strong>singulis</strong></span> <span class='ocrx_word' id='word_1_132' title='bbox 1062 3402 1083 3446; x_wconf 85' lang='lat' dir='ltr'><strong>a</strong></span> <span class='ocrx_word' id='word_1_133' title='bbox 1114 3382 1209 3447; x_wconf 89' lang='lat' dir='ltr'><strong>nobis</strong></span> <span class='ocrx_word' id='word_1_134' title='bbox 1241 3388 1430 3457; x_wconf 88' lang='lat' dir='ltr'><strong>consilium</strong></span> 
     </span>
     <span class='ocr_line' id='line_1_22' title="bbox 362 3478 1431 3567; baseline 0.012 -24"><span class='ocrx_word' id='word_1_135' title='bbox 362 3478 608 3567; x_wconf 73' lang='lat' dir='ltr'><strong>postulantibus</strong></span> <span class='ocrx_word' id='word_1_136' title='bbox 639 3479 851 3565; x_wconf 86' lang='lat' dir='ltr'><strong>respondere;</strong></span> <span class='ocrx_word' id='word_1_137' title='bbox 882 3490 920 3544; x_wconf 85' lang='lat' dir='ltr'><strong>ut</strong></span> <span class='ocrx_word' id='word_1_138' title='bbox 943 3481 1153 3565; x_wconf 85' lang='lat' dir='ltr'><strong>providentio</strong></span> <span class='ocrx_word' id='word_1_139' title='bbox 1182 3482 1349 3555; x_wconf 77' lang='lat' dir='ltr'><strong>Romanoa</strong></span> <span class='ocrx_word' id='word_1_140' title='bbox 1372 3513 1431 3559; x_wconf 87' lang='lat' dir='ltr'><strong>oe-</strong></span> 
     </span>
     <span class='ocr_line' id='line_1_23' title="bbox 362 3584 1429 3677; baseline 0.012 -25"><span class='ocrx_word' id='word_1_141' title='bbox 362 3587 479 3663; x_wconf 72' lang='lat' dir='ltr'><strong>elesisc,</strong></span> <span class='ocrx_word' id='word_1_142' title='bbox 494 3607 567 3672; x_wconf 67' lang='lat' dir='ltr'><strong>quin</strong></span> <span class='ocrx_word' id='word_1_143' title='bbox 584 3584 707 3672; x_wconf 89' lang='lat' dir='ltr'><strong>ubique</strong></span> <span class='ocrx_word' id='word_1_144' title='bbox 723 3590 885 3651; x_wconf 86' lang='lat' dir='ltr'><strong>terrorum</strong></span> <span class='ocrx_word' id='word_1_145' title='bbox 896 3586 1035 3666; x_wconf 85' lang='lat' dir='ltr'><strong>oblinet,</strong></span> <span class='ocrx_word' id='word_1_146' title='bbox 1051 3589 1246 3675; x_wconf 86' lang='lat' dir='ltr'><strong>disponente</strong></span> <span class='ocrx_word' id='word_1_147' title='bbox 1261 3592 1429 3677; x_wconf 89' lang='lat' dir='ltr'><strong>Domino,</strong></span> 
     </span>
     <span class='ocr_line' id='line_1_24' title="bbox 361 3688 1429 3777; baseline 0.013 -22"><span class='ocrx_word' id='word_1_148' title='bbox 361 3690 594 3777; x_wconf 82' lang='lat' dir='ltr'><strong>principatum,</strong></span> <span class='ocrx_word' id='word_1_149' title='bbox 615 3688 812 3774; x_wconf 68' lang='lat' dir='ltr'><strong>quaestiones</strong></span> <span class='ocrx_word' id='word_1_150' title='bbox 828 3689 1008 3767; x_wconf 87' lang='lat' dir='ltr'><strong>solvantur,</strong></span> <span class='ocrx_word' id='word_1_151' title='bbox 1023 3696 1058 3757; x_wconf 83' lang='lat' dir='ltr'><strong>et</strong></span> <span class='ocrx_word' id='word_1_152' title='bbox 1080 3700 1290 3760; x_wconf 83' lang='lat' dir='ltr'><strong>removeatur</strong></span> <span class='ocrx_word' id='word_1_153' title='bbox 1306 3698 1348 3764; x_wconf 91' lang='lat' dir='ltr'><strong>in</strong></span> <span class='ocrx_word' id='word_1_154' title='bbox 1371 3700 1429 3768; x_wconf 89' lang='lat' dir='ltr'><strong>his</strong></span> 
     </span>
     <span class='ocr_line' id='line_1_25' title="bbox 360 3791 1429 3890; baseline 0.01 -31"><span class='ocrx_word' id='word_1_155' title='bbox 360 3792 561 3878; x_wconf 79' lang='lat' dir='ltr'><strong>ambiguitas</strong></span> <span class='ocrx_word' id='word_1_156' title='bbox 577 3791 618 3856; x_wconf 91' lang='lat' dir='ltr'><strong>de</strong></span> <span class='ocrx_word' id='word_1_157' title='bbox 634 3791 785 3855; x_wconf 84' lang='lat' dir='ltr'><strong>cordibus</strong></span> <span class='ocrx_word' id='word_1_158' title='bbox 807 3791 1020 3877; x_wconf 81' lang='lat' dir='ltr'><strong>singulorum.</strong></span> <span class='ocrx_word' id='word_1_159' title='bbox 1067 3794 1160 3860; x_wconf 84' lang='lat' dir='ltr'><strong>Licet</strong></span> <span class='ocrx_word' id='word_1_160' title='bbox 1177 3802 1303 3877; x_wconf 84' lang='lat' dir='ltr'><strong>autem,</strong></span> <span class='ocrx_word' id='word_1_161' title='bbox 1320 3822 1429 3890; x_wconf 85' lang='lat' dir='ltr'><strong>super</strong></span> 
     </span>
     <span class='ocr_line' id='line_1_26' title="bbox 361 3892 1428 3987; baseline 0.012 -27"><span class='ocrx_word' id='word_1_162' title='bbox 361 3894 598 3981; x_wconf 64' lang='lat' dir='ltr'><strong>questionibus</strong></span> <span class='ocrx_word' id='word_1_163' title='bbox 614 3913 695 3977; x_wconf 82' lang='lat' dir='ltr'><strong>quas</strong></span> <span class='ocrx_word' id='word_1_164' title='bbox 718 3893 813 3957; x_wconf 88' lang='lat' dir='ltr'><strong>nobis</strong></span> <span class='ocrx_word' id='word_1_165' title='bbox 834 3892 987 3959; x_wconf 74' lang='lat' dir='ltr'><strong>(liseretio</strong></span> <span class='ocrx_word' id='word_1_166' title='bbox 1010 3902 1070 3961; x_wconf 83' lang='lat' dir='ltr'><strong>tua</strong></span> <span class='ocrx_word' id='word_1_167' title='bbox 1084 3896 1258 3964; x_wconf 86' lang='lat' dir='ltr'><strong>solvendas</strong></span> <span class='ocrx_word' id='word_1_168' title='bbox 1281 3902 1428 3987; x_wconf 84' lang='lat' dir='ltr'><strong>direxit,</strong></span> 
     </span>
     <span class='ocr_line' id='line_1_27' title="bbox 360 3993 1428 4085; baseline 0.013 -24"><span class='ocrx_word' id='word_1_169' title='bbox 360 4002 394 4061; x_wconf 89' lang='lat' dir='ltr'><strong>te</strong></span> <span class='ocrx_word' id='word_1_170' title='bbox 417 4018 484 4061; x_wconf 91' lang='lat' dir='ltr'><strong>non</strong></span> <span class='ocrx_word' id='word_1_171' title='bbox 508 3995 698 4059; x_wconf 74' lang='lat' dir='ltr'><strong>dubitemus</strong></span> <span class='ocrx_word' id='word_1_172' title='bbox 729 3993 928 4082; x_wconf 77' lang='lat' dir='ltr'><strong>providum³</strong></span> <span class='ocrx_word' id='word_1_173' title='bbox 951 4001 985 4061; x_wconf 89' lang='lat' dir='ltr'><strong>et</strong></span> <span class='ocrx_word' id='word_1_174' title='bbox 1007 3998 1281 4085; x_wconf 78' lang='lat' dir='ltr'><strong>circumspectum</strong></span> <span class='ocrx_word' id='word_1_175' title='bbox 1313 4011 1428 4075; x_wconf 81' lang='lat' dir='ltr'><strong>exsis-</strong></span> 
     </span>
     <span class='ocr_line' id='line_1_28' title="bbox 361 4098 1426 4192; baseline 0.013 -28"><span class='ocrx_word' id='word_1_176' title='bbox 361 4106 440 4178; x_wconf 87' lang='lat' dir='ltr'><strong>tere,</strong></span> <span class='ocrx_word' id='word_1_177' title='bbox 457 4098 606 4184; x_wconf 83' lang='lat' dir='ltr'><strong>cogimur</strong></span> <span class='ocrx_word' id='word_1_178' title='bbox 628 4102 748 4175; x_wconf 85' lang='lat' dir='ltr'><strong>tomcn,</strong></span> <span class='ocrx_word' id='word_1_179' title='bbox 772 4119 815 4162; x_wconf 82' lang='lat' dir='ltr'><strong>ex</strong></span> <span class='ocrx_word' id='word_1_180' title='bbox 833 4099 1017 4185; x_wconf 72' lang='lat' dir='ltr'><strong>susceptre⁴</strong></span> <span class='ocrx_word' id='word_1_181' title='bbox 1031 4102 1202 4167; x_wconf 85' lang='lat' dir='ltr'><strong>servitutis</strong></span> <span class='ocrx_word' id='word_1_182' title='bbox 1217 4105 1426 4192; x_wconf 82' lang='lat' dir='ltr'><strong>ministerio,</strong></span> 
     </span>
     <span class='ocr_line' id='line_1_29' title="bbox 358 4199 1428 4285; baseline 0.009 -19"><span class='ocrx_word' id='word_1_183' title='bbox 358 4203 456 4282; x_wconf 86' lang='lat' dir='ltr'><strong>juxta</strong></span> <span class='ocrx_word' id='word_1_184' title='bbox 479 4199 733 4265; x_wconf 75' lang='lat' dir='ltr'><strong>discretionem-⁵</strong></span> <span class='ocrx_word' id='word_1_185' title='bbox 755 4204 790 4264; x_wconf 89' lang='lat' dir='ltr'><strong>et</strong></span> <span class='ocrx_word' id='word_1_186' title='bbox 816 4202 1058 4285; x_wconf 88' lang='lat' dir='ltr'><strong>providentiam</strong></span> <span class='ocrx_word' id='word_1_187' title='bbox 1088 4209 1247 4284; x_wconf 85' lang='lat' dir='ltr'><strong>nestrum,</strong></span> <span class='ocrx_word' id='word_1_188' title='bbox 1270 4208 1340 4275; x_wconf 90' lang='lat' dir='ltr'><strong>tibi</strong></span> <span class='ocrx_word' id='word_1_189' title='bbox 1365 4238 1428 4281; x_wconf 81' lang='lat' dir='ltr'><strong>ex·</strong></span> 
     </span>
     <span class='ocr_line' id='line_1_30' title="bbox 360 4302 1426 4403; baseline 0.016 -35"><span class='ocrx_word' id='word_1_190' title='bbox 360 4306 437 4369; x_wconf 90' lang='lat' dir='ltr'><strong>inde</strong></span> <span class='ocrx_word' id='word_1_191' title='bbox 459 4303 661 4389; x_wconf 85' lang='lat' dir='ltr'><strong>respondere.</strong></span> <span class='ocrx_word' id='word_1_192' title='bbox 708 4302 803 4379; x_wconf 87' lang='lat' dir='ltr'><strong>Sane,</strong></span> <span class='ocrx_word' id='word_1_193' title='bbox 820 4325 895 4369; x_wconf 88' lang='lat' dir='ltr'><strong>eum</strong></span> <span class='ocrx_word' id='word_1_194' title='bbox 911 4305 963 4368; x_wconf 90' lang='lat' dir='ltr'><strong>vir</strong></span> <span class='ocrx_word' id='word_1_195' title='bbox 978 4306 1145 4373; x_wconf 86' lang='lat' dir='ltr'><strong>litteratus</strong></span> <span class='ocrx_word' id='word_1_196' title='bbox 1166 4308 1259 4375; x_wconf 84' lang='lat' dir='ltr'><strong>siset</strong></span> <span class='ocrx_word' id='word_1_197' title='bbox 1281 4316 1426 4403; x_wconf 82' lang='lat' dir='ltr'><strong>sapiens</strong></span> 
     </span>
    </p>
   </div>
   <div class='ocr_carea' id='block_1_7' title="bbox 781 4460 1308 4477">
    <p class='ocr_par' dir='ltr' id='par_1_8' title="bbox 781 4460 1308 4477">
     <span class='ocr_line' id='line_1_31' title="bbox 781 4460 1308 4477; baseline 0.017 -13"><span class='ocrx_word' id='word_1_198' title='bbox 781 4460 809 4466; x_wconf 85' lang='lat'><strong>..</strong></span> <span class='ocrx_word' id='word_1_199' title='bbox 838 4460 885 4467; x_wconf 74' lang='lat'><strong>..-</strong></span> <span class='ocrx_word' id='word_1_200' title='bbox 906 4460 980 4467; x_wconf 71' lang='grc'><strong>-.-</strong></span> <span class='ocrx_word' id='word_1_201' title='bbox 1001 4462 1165 4471; x_wconf 76' lang='grc'>..-.-..,...</span> <span class='ocrx_word' id='word_1_202' title='bbox 1205 4466 1308 4477; x_wconf 78' lang='grc'><strong>.-....,</strong></span> 
     </span>
    </p>
   </div>
   <div class='ocr_carea' id='block_1_8' title="bbox 393 4532 1257 4753">
    <p class='ocr_par' dir='ltr' id='par_1_9' title="bbox 393 4532 1257 4753">
     <span class='ocr_line' id='line_1_32' title="bbox 394 4532 1257 4601; baseline 0.006 -18"><span class='ocrx_word' id='word_1_203' title='bbox 394 4534 403 4564; x_wconf 87' lang='lat'>¹</span> <span class='ocrx_word' id='word_1_204' title='bbox 421 4534 441 4583; x_wconf 91' lang='lat' dir='ltr'>Z</span> <span class='ocrx_word' id='word_1_205' title='bbox 453 4534 499 4582; x_wconf 86' lang='lat' dir='ltr'><strong>hae</strong></span> <span class='ocrx_word' id='word_1_206' title='bbox 510 4549 544 4583; x_wconf 90' lang='lat' dir='ltr'><strong>no</strong></span> <span class='ocrx_word' id='word_1_207' title='bbox 559 4532 685 4597; x_wconf 65' lang='lat' dir='ltr'><strong>presting.</strong></span> <span class='ocrx_word' id='word_1_208' title='bbox 943 4536 953 4565; x_wconf 91' lang='lat'><strong>⁴</strong></span> <span class='ocrx_word' id='word_1_209' title='bbox 970 4544 1099 4601; x_wconf 68' lang='lat' dir='ltr'><strong>siirorpte,</strong></span> <span class='ocrx_word' id='word_1_210' title='bbox 1110 4538 1145 4598; x_wconf 67' lang='lat' dir='ltr'><strong>Z,</strong></span> <span class='ocrx_word' id='word_1_211' title='bbox 1163 4552 1212 4589; x_wconf 87' lang='lat' dir='ltr'><strong>em.</strong></span> <span class='ocrx_word' id='word_1_212' title='bbox 1225 4540 1257 4591; x_wconf 86' lang='lat' dir='ltr'><strong>G.</strong></span> 
     </span>
     <span class='ocr_line' id='line_1_33' title="bbox 393 4612 1235 4679; baseline 0.011 -19"><span class='ocrx_word' id='word_1_213' title='bbox 393 4612 403 4644; x_wconf 79' lang='lat'>²</span> <span class='ocrx_word' id='word_1_214' title='bbox 419 4613 521 4676; x_wconf 79' lang='lat' dir='ltr'><strong>referri,</strong></span> <span class='ocrx_word' id='word_1_215' title='bbox 535 4614 562 4661; x_wconf 90' lang='lat' dir='ltr'><strong>Z.</strong></span> <span class='ocrx_word' id='word_1_216' title='bbox 943 4613 953 4643; x_wconf 78' lang='lat'>¹</span> <span class='ocrx_word' id='word_1_217' title='bbox 971 4614 1132 4667; x_wconf 72' lang='lat' dir='ltr'><strong>discretionis</strong></span> <span class='ocrx_word' id='word_1_218' title='bbox 1145 4624 1193 4679; x_wconf 78' lang='lat' dir='ltr'><strong>lue,</strong></span> <span class='ocrx_word' id='word_1_219' title='bbox 1205 4618 1235 4675; x_wconf 82' lang='lat' dir='ltr'><strong>Z.</strong></span> 
     </span>
     <span class='ocr_line' id='line_1_34' title="bbox 393 4690 596 4753; baseline 0.005 -14"><span class='ocrx_word' id='word_1_220' title='bbox 393 4690 403 4723; x_wconf 80' lang='lat'>⁸</span> <span class='ocrx_word' id='word_1_221' title='bbox 419 4690 558 4753; x_wconf 56' lang='lat' dir='ltr'><strong>decretum,</strong></span> <span class='ocrx_word' id='word_1_222' title='bbox 569 4692 596 4741; x_wconf 91' lang='lat' dir='ltr'><strong>Z.</strong></span> 
     </span>
    </p>
   </div>
   <div class='ocr_carea' id='block_1_9' title="bbox 0 0 1644 5662">
    <p class='ocr_par' dir='ltr' id='par_1_10' title="bbox 0 0 1644 5662">
     <span class='ocr_line' id='line_1_35' title="bbox 0 0 1644 5662; baseline 0 1"><span class='ocrx_word' id='word_1_223' title='bbox 0 0 1644 5662; x_wconf 95' lang='lat' dir='ltr'><strong> </strong></span> 
     </span>
    </p>
   </div>
  </div>
 </body>
</html>
