3278 5662
214 802 279 853 au.
298 786 409 872 1170]
661 804 842 853 srrsroma.
1200 787 1265 853 229

211 988 341 1073 publico
365 988 491 1054 docetis
510 989 638 1073 jugiter
661 989 878 1074 occupamini,
901 989 985 1054 adeo
1016 994 1063 1067 nt,
1088 988 1266 1077 mundanis

210 1089 394 1175 disciplinis
417 1092 550 1177 penitus
582 1091 721 1175 rejectis
744 1092 846 1157 solius
870 1092 1022 1158 veritatis
1057 1098 1092 1157 et
1119 1091 1262 1179 justitiae

209 1212 300 1256 sacra
345 1194 575 1279 profiteamini,
621 1194 855 1261 Cantuariensi
894 1195 1131 1270 archidiacone,
1164 1215 1261 1279 quem

208 1293 339 1378 publice
377 1296 698 1363 excommunicatum
737 1320 806 1363 csso
850 1318 917 1362 non
955 1296 1134 1382 ambigitis
1173 1317 1260 1361 com·

208 1396 375 1462 manicare
408 1399 673 1484 praesumpsistis,
709 1399 860 1485 exemplo
892 1399 1082 1484 pernicioso,
1113 1403 1148 1462 et
1171 1398 1259 1483 quod

208 1495 294 1562 sicut
332 1505 477 1567 vestram
515 1501 750 1568 conscientiam
787 1502 899 1579 laedit,
936 1500 984 1566 sic
1022 1522 1089 1565 non
1131 1501 1258 1567 modico

209 1599 363 1687 denigrat
399 1611 433 1670 ct
471 1604 605 1671 famam.
669 1605 757 1671 Nam
796 1627 856 1671 nee
902 1605 938 1669 in
976 1601 1110 1669 minus¹
1149 1604 1257 1689 perito

209 1707 323 1767 tantus
345 1705 451 1771 facilis
474 1712 559 1773 essct
582 1730 743 1785 excessus,
766 1709 889 1773 nedum
920 1708 955 1771 in
987 1707 1044 1771 illo
1067 1706 1161 1792 cujus
1191 1727 1259 1773 non

208 1806 303 1870 modo
342 1808 491 1875 doctrina
528 1811 585 1875 sed
623 1816 657 1874 et
694 1810 768 1875 vita
805 1810 904 1875 debet
941 1831 1010 1873 esse
1048 1809 1257 1875 auditoribus

208 1907 343 1974 virtutis
376 1912 555 1997 exemplar.
612 1912 678 1976 Sed
710 1913 790 1997 quia
821 1912 1009 1978 credibilius
1041 1918 1093 1977 cst
1124 1932 1183 1977 vos
1217 1913 1258 1978 de

207 2008 354 2077 humana
376 2013 570 2079 infirmitate
586 2036 686 2099 quam
709 2014 749 2079 de
773 2014 908 2079 malitias
932 2014 1155 2099 perversitate,
1179 2012 1258 2079 licet

207 2116 242 2177 et
263 2135 363 2197 grave
385 2114 485 2179 nimis
511 2116 556 2180 sit
578 2116 666 2202 quod
701 2115 889 2191 admisistis,
913 2137 1070 2201 peccasse,
1095 2115 1135 2179 de
1162 2136 1256 2180 inan·

203 2212 282 2280 dato
304 2216 408 2301 ipsius
442 2217 564 2283 litteris
590 2219 708 2283 vestris
740 2218 921 2303 respondeo
945 2239 1019 2302 quaa
1047 2222 1255 2303 sequuntur3

205 2316 367 2403 mittoque
391 2320 586 2406 rescriptum
622 2321 808 2386 litterarum
830 2341 913 2404 quas
936 2319 979 2385 ad
1011 2320 1256 2386 excusationem

205 2417 436 2489 sui2d01nin0
460 2422 612 2509 Sagiensi
645 2422 842 2499 transmisit,
866 2421 924 2507 qui
958 2428 1131 2486 monuerat
1161 2428 1202 2486 ut
1224 2423 1254 2487 ei

205 2518 350 2586 Parisius
382 2531 566 2590 occurreret
596 2525 633 2589 in
665 2526 836 2591 incertum.
893 2524 968 2600 Sed,
1001 2528 1041 2587 ut
1072 2524 1172 2601 scitia,
1194 2524 1390 2602 ne019⁰0¹¹ve

205 2624 419 2707 equitaturas,
442 2648 501 2692 nec
524 2650 693 2713 expensas,
716 2649 775 2692 nec
810 2626 912 2693 socios
935 2626 993 2711 qui
1025 2648 1084 2712 per
1116 2647 1255 2713 regnum
1265 2593 1400 2725 &iffi

207 2723 343 2811 dispersi
377 2733 467 2805 sunt,
508 2730 551 2793 ad
584 2735 652 2794 tam
687 2730 817 2795 crebros
853 2735 887 2793 et
919 2727 1055 2793 inutiles
1088 2728 1255 2795 discursus
1265 2724 1364 2823 {⁰⁰f01·

204 2833 313 2911 potest
335 2829 446 2895 subito
479 2852 672 2916 praeparare.
720 2829 817 2911 Quod
840 2834 875 2895 et
897 2829 1072 2915 sapientes,
1095 2830 1155 2914 qui
1178 2806 1352 2895 comm

204 2934 273 2994 tam
295 2931 393 2998 facile
416 2939 566 3010 evocant,
589 2936 780 3018 oportuerat
810 2931 999 3017 praemetiri.
1045 2930 1112 2996 Vos
1142 2938 1255 2997 autem

202 3032 392 3119 diligentior
415 3036 598 3113 exstitistis,
621 3035 679 3120 qui
702 3035 741 3110 ei,
767 3054 832 3098 uno
862 3033 1029 3099 duntaxat
1060 3033 1255 3119 interposito

203 3134 406 3211 die‚ce1·tum
429 3138 656 3223 praeatituistis
681 3137 778 3216 diem,
803 3142 842 3199 ut
866 3134 1079 3221 duplomate³
1101 3136 1253 3201 incedens

202 3237 352 3323 episcopo
386 3239 537 3325 sagiensi
580 3245 615 3304 et
659 3238 890 3305 archidiacono
937 3237 1168 3304 Ountuariensi
1202 3260 1252 3309 ou·

202 3346 355 3405 curreret.
402 3341 468 3405 Sed
501 3346 665 3426 quatenus
697 3341 887 3426 episcopum
922 3341 1022 3405 verba
1059 3347 1094 3407 et
1130 3341 1252 3411 littera

200 3443 340 3506 vestuu⁴
361 3442 517 3529 obligent,
540 3445 658 3509 melius
681 3444 802 3521 nostis;
833 3449 867 3508 et
889 3443 957 3528 ipse
979 3443 1094 3509 recolit
1108 3444 1253 3529 qualiter

200 3542 346 3626 ejusdem
379 3546 546 3632 episeopi⁶
581 3545 701 3612 litteris
734 3552 767 3611 et
801 3546 942 3610 aliorum
974 3545 1109 3611 consilio
1147 3553 1400 3632 nupethePon·

199 3643 331 3709 delusus
354 3646 406 3723 sit,
444 3652 482 3712 ut
513 3648 615 3714 socios
649 3653 847 3713 convocaret
879 3652 913 3711 et
944 3648 1052 3711 varias
1087 3647 1253 3712 inutiliter
1264 3624 1362 3737 {fllffim

198 3753 388 3829 procuraret
421 3770 588 3834 expensas.
636 3748 724 3813 Nam
748 3749 790 3815 ad
825 3749 889 3813 iter
918 3749 1084 3814 accinctus
1107 3754 1185 3826 erat,
1216 3756 1252 3817 et

198 3847 399 3933 fatigaverat
433 3851 565 3927 multos,
600 3872 675 3916 cum
707 3851 825 3936 ipsum,
849 3851 941 3916 fama
973 3849 1140 3937 vulgante,
1163 3850 1249 3916 didi·

198 3950 244 4016 cit
266 3950 303 4014 in
326 3951 566 4018 Normanniam
599 3952 729 4031 redisse,
754 3953 916 4019 incertum
939 3973 982 4018 an
1006 3952 1127 4039 dignus
1148 3952 1249 4019 habe-

198 4057 289 4117 retur
312 4054 369 4137 qui
391 4054 513 4119 litteris
536 4054 668 4121 deberet
692 4060 752 4121 aut
774 4054 894 4119 nuntio
915 4052 1130 4139 pnamunir·i.⁰
1169 4054 1249 4121 For-

198 4158 284 4219 tasse
307 4154 449 4222 eeclesiae
480 4158 651 4243 negotium
685 4158 768 4223 adeo
791 4155 915 4220 humile
938 4161 1051 4223 estut
1083 4177 1151 4222 non
1184 4156 1249 4221 nisi

198 4255 238 4321 de
261 4255 363 4323 latere
387 4263 485 4325 etex
508 4257 692 4326 incidenti⁷
715 4257 853 4325 tractam
876 4255 1004 4335 debeat,
1026 4262 1061 4323 ct
1083 4262 1249 4324 transcur-

597 4402 609 4407 ·.
625 4400 861 4407 ..ὴ-ῃ-.
886 4398 953 4405 ----
993 4398 1027 4405 υ.-
1066 4398 1109 4405 -—-
1119 4398 1243 4406 *—

229 4462 236 4492 ¹
253 4462 341 4521 urinae,
353 4462 384 4520 0.
398 4464 437 4523 G;
456 4464 567 4524 irrinimc'a,
579 4464 607 4513 Z.
779 4464 789 4494 ⁴
807 4470 902 4524 cestra,
915 4462 947 4522 0,
959 4462 1002 4523 V;
1019 4476 1069 4512 om.
1082 4459 1115 4512 L.

225 4539 235 4571 '²
252 4542 301 4599 sui,
313 4541 341 4599 Z,
354 4541 378 4592 G
389 4561 395 4599 ;
412 4558 491 4603 arcum,
503 4544 533 4591 L.
777 4541 787 4573 ³
806 4539 924 4606 episcopi,
936 4540 967 4600 Ο,
980 4540 1021 4601 G,
1039 4554 1089 4590 om.
1106 4540 1136 4591 Ia

225 4618 236 4649 ³
254 4617 404 4683 deplorante,
429 4622 461 4680 0,
484 4620 525 4679 V;
554 4619 694 4686 diplmnele,
779 4619 789 4651 ⁶
803 4619 959 4684 promoueri,
973 4616 1007 4668 L.

191 4699 220 4750 L.
778 4697 788 4733 ἲ
804 4696 938 4759 accidenti,
950 4696 981 4749 G.
