3278 5662
351 737 416 800 352
775 751 954 798 missetat.
1211 734 1292 818 [au.
1310 730 1405 802 1170.

349 936 430 999 mihi
455 943 592 1022 experto
615 936 745 1001 credere
769 936 922 1011 noluerit,
946 936 1089 1020 qualiter
1111 937 1175 1001 sibi
1198 944 1233 1001 et
1263 937 1406 1003 ecclesiae

349 1036 413 1100 Dei
444 1038 608 1123 agendum
644 1043 730 1100 esset
763 1059 837 1101 cum
866 1038 998 1101 domino
1030 1059 1105 1121 roge
1139 1038 1276 1124 anglise.
1323 1037 1405 1104 Ecce

349 1139 435 1202 enim
464 1146 504 1202 ut
526 1139 616 1203 facta
639 1143 689 1202 est
712 1160 777 1200 vox
801 1137 1009 1223 nuperrime¹
1036 1139 1300 1203 comminationis
1326 1159 1404 1224 apo·

343 1241 473 1317 ,stolium
497 1242 682 1305 inauribus
706 1240 784 1323 ojus,
802 1262 868 1324 qua
883 1241 1035 1305 constitit
1056 1241 1165 1326 ipsum
1180 1241 1403 1326 reponendum

348 1362 417 1405 esse
434 1343 469 1406 in
484 1343 672 1407 conditione
697 1341 883 1407 Frederici²
898 1342 978 1407 dicti
1002 1342 1217 1428 imperatoris,
1233 1348 1268 1407 et
1282 1348 1405 1407 terram

348 1442 419 1526 ejus
442 1443 680 1529 subjiciendam
705 1465 772 1507 esse
796 1443 982 1523 interdicto,
1007 1449 1041 1508 ct
1064 1444 1214 1509 mandati
1248 1443 1405 1529 praevari-

348 1551 474 1610 ealorea
490 1547 671 1631 ‘episcopos
710 1545 957 1631 suspendendos
995 1553 1031 1610 et
1067 1545 1405 1623 excommunicandos

349 1648 436 1713 illico
459 1649 501 1712 ad
525 1648 681 1712 honorem
706 1647 768 1711 Dei
791 1653 826 1711 ct
848 1647 990 1712 ecelesiae
1014 1648 1068 1731 (ut
1094 1670 1136 1712 ex
1160 1648 1404 1712 conditionibus

349 1753 482 1817 insertis
506 1757 601 1837 pacto
625 1751 750 1834 concipi
784 1750 915 1825 debuit)
945 1751 1136 1831 utilitatem,
1171 1773 1282 1837 pacem
1317 1751 1404 1827 lecit,

350 1855 443 1940 eujus
466 1856 605 1920 formam
629 1876 670 1917 ex
696 1854 816 1918 litteris
840 1853 974 1918 domino
1006 1875 1101 1940 papae
1124 1855 1233 1919 missis
1267 1855 1404 1940 planum

349 1963 399 2021 est
431 1956 621 2042 intelligere.
670 1955 740 2020 Nec
770 1955 907 2019 dubium
939 1955 1021 2040 quin
1052 1957 1138 2020 infra
1169 1957 1251 2021 duos
1281 1958 1404 2044 primos

350 2057 458 2121 exsilii
482 2059 587 2123 nostri
612 2079 715 2122 annos
739 2079 811 2121 cam
836 2057 973 2133 fecisset,
997 2058 1025 2120 si
1049 2079 1125 2122 eum
1148 2059 1191 2123 ab
1215 2059 1312 2124 initio
1342 2059 1404 2126 hac

350 2159 407 2224 via
429 2158 626 2246 aggressus³
649 2163 735 2224 esset
758 2159 911 2223 dominus
938 2181 1032 2245 papa,
1049 2166 1109 2225 aut
1132 2183 1213 2246 quos
1229 2162 1272 2227 ad
1295 2162 1404 2249 ipsum

350 2263 533 2327 destinavit
571 2264 607 2325 in
645 2261 759 2347 primis
798 2260 993 2326 habuissent
1037 2262 1190 2347 spiritum
1235 2266 1406 2330 vestrum⁴

351 2363 439 2443 Quid
463 2365 551 2429 enim
575 2385 633 2428 rex
657 2363 820 2448 potuisset
842 2363 878 2425 iu
902 2362 985 2442 illos,
1008 2386 1082 2428 cum
1107 2370 1266 2450 perpetuo
1288 2388 1403 2431 verum

350 2467 416 2530 sit:
439 2474 455 2500 “
468 2466 539 2532 Nec
563 2487 672 2551 speres
695 2464 831 2549 aliquid,
855 2486 915 2530 nec
947 2466 1151 2542 extimescas,
1183 2469 1404 2533 exarmaveris

350 2578 366 2602 “
390 2569 595 2655 inpotentis⁵
632 2567 768 2632 iram”3
813 2567 885 2630 Aut
934 2568 1014 2652 quid
1063 2569 1209 2633 tentavit
1254 2569 1290 2633 in
1336 2592 1403 2650 vos,

350 2693 448 2756 quem
472 2694 532 2737 nec
555 2693 658 2757 prece,
682 2692 741 2734 nee
764 2670 880 2755 pretio,
904 2692 964 2735 nce
986 2669 1167 2746 blanditiis,
1201 2694 1262 2737 nec
1296 2673 1405 2749 minis,

349 2781 409 2839 aut
432 2774 692 2858 quibuscumque
725 2770 1014 2836 sollicitationibus
1037 2772 1207 2837 deflectere
1242 2774 1354 2859 potuit
1384 2796 1406 2839 a

349 2877 406 2941 via
435 2880 546 2952 restat
591 2874 714 2938 Verum
746 2872 825 2956 quia
848 2872 997 2937 Romana
1031 2873 1164 2938 ecclesia
1189 2875 1291 2961 (quod
1325 2897 1404 2962 paee

349 2977 497 3041 omnium
521 2977 557 3040 in
589 2997 666 3039 aure
692 2979 801 3038 vestra
836 2974 991 3058 dixerim)
1015 2975 1128 3059 posuit
1160 2977 1405 3044 firmamentum

349 3101 445 3143 suum
469 3077 687 3152 formidinem,
711 3081 771 3138 aut
794 3098 844 3138 res
868 3081 990 3160 captat,
1013 3081 1074 3140 aut
1096 3098 1252 3162 personas
1275 3078 1404 3165 accipit,

349 3190 383 3246 ct
432 3180 640 3257 auctoritate,
687 3199 753 3263 qua
774 3179 995 3263 ‚prreeminct
1041 3179 1156 3263 iniqua
1212 3181 1404 3266 gerentibus

349 3304 416 3346 nou
457 3281 608 3356 occurrit,
646 3285 830 3365 propterca,
863 3279 992 3365 flagella
1033 3281 1094 3344 Dei
1125 3282 1249 3365 gravia,
1272 3289 1307 3347 et
1340 3282 1404 3348 toti

286 3440 289 3445 .
349 3385 472 3448 munde
496 3384 556 3446 vix
579 3380 756 3467 portabilia
779 3381 921 3444 veniunt
944 3403 1042 3465 super
1064 3403 1145 3459 eam,
1168 3389 1207 3447 ut
1239 3383 1405 3449 instabilis

348 3487 439 3551 faeta
462 3485 573 3569 fugiat
595 3505 616 3548 a
646 3484 729 3548 sacie
752 3482 986 3568 persequentis,
1010 3487 1044 3547 et
1067 3484 1102 3547 in
1133 3485 1403 3551 tribulationibus

349 3589 408 3652 vix
432 3588 601 3653 subsistat.
649 3585 713 3651 Sed
739 3584 828 3671 apud
852 3607 950 3669 quem
974 3585 1095 3651 rectius
1129 3587 1195 3651 ista
1227 3587 1404 3674 deplorem,

348 3712 448 3774 quam
463 3688 552 3774 apud
577 3710 661 3763 eum,
685 3686 751 3772 qui,
774 3708 795 3750 a
818 3686 964 3771 praefatis
986 3686 1078 3750 vitiis
1101 3690 1324 3774 pergratiam
1339 3691 1404 3756 Dei

349 3791 507 3855 immunis
530 3787 643 3865 solus,⁶
666 3787 794 3851 miseris
810 3809 998 3873 conpressus
1022 3794 1073 3852 est
1088 3788 1128 3853 ct'
1142 3789 1297 3855 solatium
1314 3791 1403 3869 tulit,

349 3894 383 3953 et
406 3893 501 3952 tanto
532 3887 600 3972 regi
634 3899 668 3949 et
691 3884 844 3949 omnibus
879 3884 1092 3969 complicibus
1116 3887 1184 3951 suis
1216 3888 1252 3951 in
1285 3888 1403 3955 faeiem

348 3989 481 4065 restitit,
506 4009 544 4053 co
567 3987 655 4071 quod
679 3991 749 4050 erat
773 3983 1047 4070 reprehensibilis,
1071 3993 1106 4051 ct
1128 3989 1232 4072 gratis
1248 3994 1282 4054 ct
1304 3990 1403 4054 nimis
1437 4047 1442 4056 .

349 4091 568 4176 impugnabat
589 4086 783 4152 ecclcsiaml
827 4084 873 4149 Et
895 4086 974 4171 quia
997 4088 1175 4154 strenuitas
1193 4096 1303 4155 vestra
1317 4091 1404 4157 Oan-

352 4232 469 4242 μη-..
495 4231 503 4235 .
551 4226 726 4235 ---..-—--
748 4226 781 4232 .-
822 4226 938 4233 ,--.--

383 4306 390 4337 ¹
408 4305 563 4369 nuperrime,
574 4301 605 4350 L.
937 4300 947 4331 ⁵
965 4302 1110 4365 inpotentia,
1120 4304 1160 4362 A;
1179 4304 1205 4352 in
1217 4303 1341 4367 Potentia,
1351 4307 1381 4357 L.

382 4385 393 4419 ³
410 4384 548 4441 Frederlvb
560 4396 610 4431 om.
623 4381 651 4429 L.
938 4378 948 4408 ⁸
964 4377 1040 4441 eolre,
1055 4381 1083 4440 Z,
1095 4381 1146 4430 end
1161 4382 1196 4447 by
1208 4385 1348 4434 correction
1362 4388 1402 4446 A;

381 4465 391 4496 ³
410 4478 534 4528 apresens,
545 4460 580 4510 V.
903 4456 972 4517 solia,
985 4459 1016 4516 V,
1029 4458 1063 4515 0,
1073 4460 1104 4508 I..

380 4543 390 4575 ⁴
408 4549 526 4601 vestrum,
538 4542 572 4599 A,
585 4539 620 4600 V,
637 4536 669 4595 Ο,
681 4538 700 4585 Z
711 4558 717 4596 ;
736 4543 853 4596 normam,

348 4622 377 4672 L.
