3278 5662
96 813 138 876 lu
529 830 706 878 urrsrourr.
950 815 1030 900 [au.
1049 817 1145 880 1169.

96 1017 246 1103 vestigia.
303 1017 461 1081 Memoria
486 1017 604 1082 talium
628 1023 788 1102 perpetua
813 1017 1039 1083 benedictione
1056 1020 1147 1104 rige-

96 1119 148 1184 bit
177 1119 212 1182 in
235 1119 504 1205 generationibus
534 1118 736 1195 saeculorum,
759 1124 794 1183 et
816 1119 949 1184 claritas
972 1108 1083 1185 corum
1107 1126 1147 1184 ut

97 1221 295 1285 firmamenti
319 1220 473 1307 splendor
488 1221 524 1285 in
539 1220 748 1287 aeternitate¹
771 1220 921 1307 fulgebit.
959 1221 1055 1301 ‘Quia
1070 1243 1146 1308 ergo

96 1323 259 1389 talentum
283 1323 410 1389 consilii
434 1329 468 1389 et
490 1323 705 1400 fortitudinis,
729 1345 797 1409 prae
821 1324 949 1389 crateris
980 1328 1145 1389 conterra-

96 1427 167 1492 neia
191 1430 224 1490 et
248 1426 432 1502 coaetaneis,
455 1425 552 1491 vobis
578 1426 667 1491 inter
690 1423 887 1490 innumera²
909 1424 1145 1491 charismatum

96 1530 183 1593 dona
205 1528 348 1594 contulit
379 1527 523 1614 Spiritus
555 1528 706 1605 Sanctus,
730 1528 966 1619 paternitatem
989 1533 1145 1606 vestram,

96 1636 222 1717 quanta
254 1631 426 1697 affectione
459 1653 641 1716 possumus,
674 1651 849 1695 exoramus
881 1636 921 1694 ut
953 1631 1145 1696 confirmare

96 1733 286 1798 meminerit
316 1732 433 1797 sratres
464 1738 601 1808 nostros,
624 1737 659 1796 et
683 1753 737 1796 eos
760 1731 906 1797 animare
936 1737 971 1797 et
993 1732 1144 1798 roborare

96 1835 230 1900 studeat
264 1842 331 1899 tam
369 1833 656 1899 exhortationibus
688 1855 786 1919 quam
819 1833 987 1920 exemplis.
1056 1835 1144 1900 Nam

91 1936 193 2020 juxta
209 1935 428 2010 Salomonem,
445 1935 591 2000 “Frater
605 1935 662 2020 qui
686 1934 868 2020 adjuvatur
882 1956 903 2000 a
918 1934 1033 2012 fratre,
1049 1936 1144 2020 quasi

97 2048 114 2073 “
136 2038 255 2103 civitas
287 2037 382 2102 fortis
415 2043 450 2102 et
484 2035 779 2123 inexpugnabilis.'’
849 2035 894 2102 Et
925 2042 1011 2102 certe
1046 2058 1145 2124 opera

96 2145 207 2204 restra
241 2138 282 2203 de
318 2143 437 2203 caetero
476 2138 598 2203 debant
630 2159 700 2203 esse
731 2137 867 2202 fortium
902 2147 1079 2217 armatura,
1110 2144 1145 2204 et

90 2243 222 2325 justum
252 2245 304 2304 est
335 2246 372 2304 ut
404 2239 492 2323 quod
527 2238 585 2304 alii
618 2238 832 2304 laudabiliter
858 2239 994 2324 egerint,
1017 2240 1146 2317 vestris,

95 2348 198 2428 pater,
222 2340 331 2405 titulis
354 2340 545 2404 ascribatur.
602 2339 692 2419 Quid
715 2339 803 2404 enirn
826 2344 985 2426 poterunt
1007 2343 1144 2426 operari,

95 2444 160 2507 nisi
183 2444 272 2528 quod
295 2441 532 2527 provectiorem
558 2440 732 2527 sapientia,
747 2446 856 2518 aetatc,
872 2446 906 2507 ct
927 2443 1037 2528 gratia
1053 2442 1142 2509 vida·

93 2548 411 2631 luunt‘operantem?
456 2543 500 2607 Et
516 2543 649 2628 quidem
671 2543 759 2628 quod
782 2543 916 2629 quidam
940 2565 1052 2610 eorum
1072 2546 1142 2630 jam

94 2649 193 2713 erecti
233 2652 321 2722 sunt,
351 2651 386 2711 et
422 2650 475 2729 (ut
514 2646 704 2727 audivimus
742 2651 776 2710 et
813 2648 996 2732 speramus)
1030 2655 1145 2713 contra

94 2750 240 2814 membra
271 2747 429 2814 Sathanae
461 2744 656 2811 ιιοιιίιιοιιιιι3
690 2750 778 2810 stare
812 2746 1001 2833 disponunt,
1024 2749 1144 2813 vestris

94 2853 263 2938 imputant
286 2849 413 2914 meritis
436 2849 494 2934 qui
518 2849 606 2933 quod
628 2870 734 2934 nuper
749 2854 860 2914 actum
884 2854 936 2914 est
956 2850 1142 2917 audierunt.

68 2956 164 3021 ·Nec
188 2959 238 3019 eet
261 2952 350 3037 quod
373 2972 432 3015 vos
460 2952 495 3014 in
519 2949 636 3015 diebus
659 2951 732 3015 istis
755 2951 861 3015 vereri
884 2957 1044 3039 oporteat,
1067 2973 1142 3018 cum

94 3062 237 3123 vestram
260 3054 484 3119 conditionem
514 3051 682 3129 nobilitas,
704 3053 892 3138 prudentia,
915 3053 1011 3138 copia
1032 3076 1141 3120 rerum

93 3165 126 3223 ct
149 3158 338 3229 amicorum,
356 3154 516 3219 etaetatis
543 3153 729 3218 reverentia
752 3175 772 3218 a
794 3153 926 3219 laesione
942 3177 1018 3240 quae
1033 3162 1143 3242 potest

92 3261 127 3323 in
151 3257 302 3323 dissimili
330 3261 422 3320 statu
447 3259 619 3319 manantes
651 3254 818 3331 infestare,
840 3254 1031 3321 defendant.
1089 3256 1143 3321 Si-

92 3359 224 3446 quidem
247 3355 399 3422 nonnulli
422 3356 570 3429 sortasse,
587 3355 645 3440 qui
668 3356 765 3421 vobis
787 3357 960 3422 crederent
982 3379 1049 3422 non
1072 3380 1141 3424 esee

91 3460 301 3548 parcendum,
323 3457 451 3533 vestris,
480 3478 563 3542 quos
594 3457 630 3521 in
661 3456 724 3522 hac
756 3461 954 3543 tempestate
987 3465 1142 3525 verentur
1231 3455 1235 3462 ’

91 3562 264 3640 offendere,
290 3558 403 3645 procul
436 3558 538 3622 dubio
570 3564 707 3643 parcent
739 3559 774 3621 in
798 3559 902 3637 vobis,
927 3564 961 3624 et
993 3581 1013 3625 a
1044 3561 1141 3629 domo

91 3673 202 3730 vestra
224 3660 391 3749 flagellum
423 3660 600 3745 suspendet
631 3658 760 3745 impius,
783 3682 825 3725 ne
848 3661 936 3746 quod
960 3665 1141 3748 promeruit

90 3766 349 3853 propinquorum
373 3768 557 3827 vestrorum
589 3762 774 3827 ministerio
798 3764 912 3829 veniat
934 3785 1033 3850 super
1056 3788 1140 3831 eum.

92 3870 222 3934 Caetera
244 3888 311 3931 non
334 3864 501 3930 exaranda
531 3863 654 3928 litteris
678 3863 791 3929 latoris
823 3865 1038 3950 praesentium
1062 3867 1141 3932 fidei

90 3971 264 4037 commissa
295 3973 384 4046 sunt,
407 3967 527 4032 vestris
554 3967 732 4031 dumtaxat
763 3967 899 4032 auribus
932 3968 1140 4050 intimanda;

90 4096 196 4160 quern,
214 4073 239 4138 si
265 4072 381 4157 placet,
396 4071 436 4133 ut
458 4069 605 4154 probatae
628 4067 780 4132 veritatis
803 4067 939 4134 fratrem
954 4070 1140 4137 admittetis

90 4182 124 4242 et
146 4175 297 4242 audietis.
343 4171 463 4237 Valeat
489 4169 648 4235 sanctitas
672 4175 792 4245 vestra,
816 4175 911 4255 pater
933 4172 1082 4250 amande,
1105 4179 1141 4239 et

89 4277 287 4344 creationem
325 4294 419 4338 suam
458 4274 619 4355 (nostram
650 4271 854 4356 parvitatem
888 4272 1070 4358 loquimur)
1101 4276 1138 4340 iu

88 4377 293 4446 orationibus
317 4375 385 4439 suis
408 4374 480 4438 Deo
504 4371 733 4437 commendare
757 4374 953 4439 meminerit.

122 4548 359 4608 ¹oetcruilateual.
405 4544 408 4549 ⁸
669 4543 871 4605 'cubimmh

120 4633 285 4688 ²iunumera,
309 4629 332 4680 Α
354 4628 401 4692 (by
422 4623 588 4682 correction),

88 4710 173 4774 Z‚L;
191 4708 355 4765 numrrmv,
373 4701 563 4762 inmunermo.
