3286 5664
160 4145 220 4196 Vid.
233 4145 267 4194 Il.

162 4214 231 4265 Sam.
243 4226 287 4259 xv.

164 4284 203 4339 19,
215 4283 255 4327 rr.

162 4359 202 4408 Ib.
215 4355 268 4405 xix.

166 4429 204 4474 13.

322 781 386 843 196
775 796 956 847 aristonis.
1120 781 1200 864 [an.
1218 781 1386 851 1169-7u

322 975 496 1041 inimicus¹
533 977 631 1041 homo
669 978 874 1063 impedisset,
908 1001 968 1064 per
1000 980 1112 1044 omnia
1151 979 1380 1046 satisfacturus

321 1100 355 1142 sc
379 1078 483 1163 ipsius
517 1078 657 1163 pedibus
681 1078 853 1145 humiliter
875 1080 1089 1146 advolvisset.
1137 1080 1259 1146 Adhuc
1281 1081 1383 1146 etiarn

321 1179 553 1245 correctionem
591 1186 626 1245 et
660 1181 908 1245 conversionem
946 1181 1051 1267 ipsius
1084 1186 1243 1268 exspecto
1268 1182 1382 1266 quoti-

320 1283 384 1358 die,
408 1287 441 1346 et
464 1281 507 1346 ad
531 1282 591 1348 hoe
623 1302 757 1368 operam
788 1282 930 1348 adhibeo
963 1283 1166 1370 diligentem.
1214 1283 1279 1349 Sed
1302 1288 1382 1348 sunt

321 1384 424 1469 aliqui
448 1404 522 1448 curn
546 1405 584 1449 eo
616 1385 674 1468 qui
698 1384 864 1450 seminant
899 1384 1035 1461 zizania,
1058 1390 1093 1450 et
1115 1385 1257 1451 firmiter
1279 1386 1381 1451 inter-

322 1485 438 1550 dicunt
471 1506 512 1550 ne
547 1485 681 1550 domino
713 1489 824 1551 vestro
860 1485 1099 1564 reconcilietur,
1133 1487 1161 1550 si
1193 1486 1380 1573 patrissui,

323 1610 420 1673 quem
443 1609 541 1675 super
564 1588 676 1654 omnia
698 1587 872 1675 diligites
894 1589 999 1654 totius
1015 1590 1066 1654 sui
1092 1589 1221 1676 generis
1237 1589 1381 1654 salutem

322 1696 356 1752 et
379 1689 524 1772 quietem
556 1688 729 1753 desiderat.
776 1687 877 1753 Scitis
901 1689 1061 1774 equidem,
1086 1689 1165 1778 quia
1189 1688 1286 1754 homo
1317 1690 1379 1755 cir-

322 1795 527 1876 cumspectus
550 1796 601 1855 est
624 1795 658 1855 et
681 1790 875 1866 industrius,
899 1790 1057 1876 vobisque
1080 1811 1117 1855 ac
1148 1790 1282 1856 domino
1306 1813 1380 1856 ves-

322 1900 374 1956 tro
408 1890 689 1959 fructuosissimus
724 1913 793 1958 esse
816 1898 936 1977 potest,
959 1892 988 1956 si
1019 1898 1126 1957 staret
1148 1893 1328 1970 vobiscum,
1352 1894 1381 1957 si

322 1995 357 2059 in
392 2015 426 2059 se
459 1999 587 2080 partem
626 1999 749 2059 vestrae
789 1994 1026 2080 persecutionis
1064 1995 1241 2081 exciperet.
1306 1995 1381 2062 Scio

324 2096 424 2161 etiarn
448 2095 536 2181 quod
559 2095 602 2160 ad
625 2095 687 2162 hoc
710 2116 787 2161 eum
822 2095 1019 2161 tenuissima
1042 2096 1233 2163 exhortatio
1256 2098 1381 2162 domini

324 2189 572 2264 Cantuariensis
587 2195 762 2263 efficaciter
778 2196 960 2263 inclinaret.
999 2195 1087 2261 Date
1103 2219 1245 2283 operam,
1261 2221 1381 2285 quaeso,

324 2306 362 2363 ut
384 2299 427 2364 ad
450 2320 525 2363 eum
549 2320 570 2363 a
592 2299 726 2364 domino
749 2303 862 2364 vestro
885 2318 984 2384 super
1006 2297 1070 2365 hoc
1092 2299 1215 2366 litterae
1238 2300 1380 2386 dirigan-

324 2412 385 2466 tur.
449 2401 546 2481 Quod
581 2402 609 2466 si
640 2422 708 2465 non
742 2400 854 2466 facitis
886 2405 1007 2465 vestras
1044 2401 1208 2466 utilitatis
1244 2402 1380 2477 intuitu,

323 2504 453 2569 faciatis
477 2503 539 2571 hoc
561 2502 678 2569 saltem
702 2523 771 2568 suae
794 2502 1018 2569 conversionis
1034 2508 1069 2568 et
1091 2503 1209 2569 salutis
1232 2502 1380 2569 obtentu.

324 2607 421 2671 Certe
445 2607 585 2693 Moyses,
610 2610 649 2669 ut
673 2601 818 2671 Hobab²
840 2604 884 2670 ab
917 2625 1025 2670 errore
1057 2605 1256 2692 gentilitatis
1287 2626 1380 2670 aver-

324 2713 418 2783 teret,
434 2707 549 2775 volens
572 2708 681 2795 ipsum
703 2712 864 2791 tanquam
886 2707 1105 2771 necessarium
1129 2707 1279 2784 retinere,
1295 2707 1381 2773 dice·

325 2809 401 2873 bat:
428 2817 446 2844 “
459 2809 700 2876 Proficiseimur
723 2807 765 2873 ad
788 2807 896 2874 locum
928 2828 1027 2893 quem
1051 2807 1213 2875 Dominus
1245 2809 1383 2875 daturus

325 2921 341 2946 ‘¹
366 2918 417 2977 est
439 2913 554 2991 nobis;
584 2912 663 2978 veni
691 2911 864 2977 nobiscum
888 2916 923 2975 et
945 2909 1187 2976 benefaciemus
1211 2911 1283 2989 tibi,
1304 2912 1383 2997 quia

326 3024 341 3048 “
366 3016 529 3082 Dominus
553 3017 642 3080 bona
665 3012 821 3098 promisit
843 3011 967 3088 Israeli,
991 3013 1060 3077 noli
1084 3035 1144 3078 nos
1178 3014 1385 3105 relinquere;

325 3128 341 3151 “
365 3124 404 3182 tu
435 3118 524 3183 enim
556 3116 643 3179 nosti
667 3113 703 3175 in
735 3111 856 3194 quibus
879 3111 959 3176 locis
982 3119 1091 3178 castra
1122 3137 1244 3199 ponere
1268 3116 1385 3181 debea-

325 3232 342 3255 ‘·
368 3241 450 3295 mus,
474 3223 509 3282 et
539 3214 603 3278 eris
637 3212 756 3275 ductor
789 3209 928 3274 noster.'’
986 3212 1023 3276 Si
1057 3214 1190 3296 Moyses
1215 3217 1384 3281 Gentilem

325 3319 514 3407 postulabat
555 3315 618 3379 sibi
657 3312 729 3377 fieri
773 3311 895 3386 ducem,
936 3332 1003 3375 non
1042 3314 1221 3388 erubescat,
1260 3338 1382 3400 quaeso,

326 3423 439 3505 Moyse
462 3419 569 3483 minor
591 3416 857 3482 archidiaconum
881 3413 944 3477 sibi
975 3413 1155 3498 adjungere
1181 3415 1331 3479 dolorum
1348 3425 1383 3481 et

325 3523 473 3586 laborum
497 3520 699 3606 participem.
745 3515 1006 3582 Archidiaconus
1029 3515 1116 3578 enim
1140 3515 1202 3580 hoc
1219 3517 1383 3602 praecipue

324 3623 497 3701 desiderat,
520 3626 559 3686 ut
592 3642 651 3706 pro
687 3642 725 3685 eo
748 3624 782 3686 et
814 3639 888 3684 cum
923 3637 961 3682 eo
996 3617 1140 3683 laborem
1172 3623 1206 3683 et
1237 3618 1381 3684 dolorem

327 3725 482 3791 inveniat.
529 3724 646 3809 Nuper
669 3723 858 3809 legebamus
873 3721 910 3786 in
931 3721 1017 3787 libro
1040 3721 1177 3808 Regum,
1193 3728 1227 3788 et
1242 3725 1383 3789 occurrit

325 3828 419 3892 nobis
443 3826 582 3891 verbum
607 3824 690 3888 illud
714 3822 815 3889 Ethai
852 3822 1014 3889 Gethaei⁷
1047 3824 1089 3888 ad
1113 3823 1225 3888 David
1257 3826 1381 3912 egredi-

325 3937 434 3994 entem
458 3927 557 3992 nudis
581 3927 719 4013 pedibus
745 3926 786 3989 de
810 3924 994 3991 Jerusalem
1019 3947 1039 3990 a
1061 3925 1144 3991 facie
1169 3926 1324 4004 Absalon,
1349 3932 1383 3991 et

327 4031 490 4097 dicentem
534 4027 623 4113 quod
669 4027 725 4092 ille
763 4032 1005 4107 reverteretur3
1045 4028 1166 4114 illeque
1205 4028 1382 4114 respondit,

330 4131 456 4197 “Vivit
482 4129 645 4196 Dominus
679 4129 758 4213 quia
781 4150 847 4194 non
880 4128 1107 4215 derelinquam
1140 4135 1184 4208 te,
1208 4152 1312 4216 neque
1348 4133 1383 4194 in

331 4245 346 4270 “
370 4235 441 4299 vita
464 4254 569 4318 neque
593 4231 629 4294 in
644 4229 777 4295 morte.'’
824 4229 1002 4316 Suspirans
1024 4253 1101 4318 ergo
1125 4232 1383 4312 archidiaconus,

329 4337 425 4402 “Sic
455 4336 557 4402 faciat
579 4331 689 4408 mihi,'’
723 4331 843 4414 inquit,
878 4331 1099 4411 “Dominus''
1123 4338 1157 4397 et
1179 4332 1252 4422 phoc
1282 4333 1384 4400 addat

365 4616 370 4648 Ι
391 4613 511 4671 inimicus,
524 4609 568 4668 M,
588 4607 685 4664 usiae,
697 4604 755 4655 MS.
915 4605 926 4636 ³
939 4604 1027 4669 Ethey
1038 4603 1145 4669 Gallam,
1157 4606 1225 4666 MS„
1237 4605 1277 4657 for
1288 4606 1384 4671 Errat,

364 4696 374 4728 ²
392 4691 488 4752 dotat,
500 4688 556 4740 MS.
884 4679 1006 4744 Gettajr
