3278 5662
239 858 430 943 suntid]
685 875 862 925 sorssors.
1247 863 1288 926 13

239 1064 256 1089 “
279 1078 362 1132 curn,
386 1077 452 1119 non
488 1056 693 1124 minoravit.''
740 1058 903 1144 Nunquid
937 1081 996 1124 vos
1028 1059 1088 1124 soli
1112 1060 1147 1122 in
1171 1058 1287 1122 uestris
1304 1068 1442 1132 Metephor

240 1158 373 1223 Domini
399 1181 512 1246 gomor
534 1159 720 1247 legitimum
743 1163 957 1249 perdidistis?
1003 1162 1039 1228 Si
1063 1184 1191 1238 manns,
1216 1182 1290 1248 pro·
1303 1133 1440 1251 gamos

238 1261 374 1327 hibente
397 1262 541 1326 Domino
573 1269 785 1342 reservatum,
822 1286 941 1329 munus
979 1264 1113 1349 quidem
1147 1263 1458 1342 caeleste‚rheexou11s‚

240 1371 273 1427 ot
296 1363 392 1450 penis
414 1368 449 1428 et
471 1369 585 1449 pestus
608 1364 784 1451 angelicus,
807 1366 967 1452 putrescit
991 1371 1025 1430 et
1048 1387 1176 1430 vermes
1198 1365 1290 1441 feeit,

241 1466 319 1550 quid
344 1464 529 1551 putredinis
552 1471 586 1531 et
601 1467 763 1532 vermium
787 1467 959 1534 contrahet
982 1467 1131 1554 putredo,
1148 1468 1290 1533 Domino

240 1567 433 1652 prohibente
464 1575 597 1633 servata
629 1568 664 1633 in
696 1570 906 1656 dispendium
939 1571 1095 1646 caritatis,
1120 1562 1155 1633 in
1184 1569 1319 1634 esurie'

240 1676 274 1734 ot
296 1670 449 1735 nuditate
472 1670 640 1735 fratrum?
686 1671 764 1735 Non
798 1672 915 1756 ntique
939 1671 1027 1754 quod
1060 1670 1110 1733 illi
1142 1671 1290 1735 esuriunt

240 1777 301 1838 sut
333 1772 415 1836 nudi
448 1772 525 1848 sint,
552 1773 609 1837 sed
642 1772 730 1858 quod
762 1771 846 1848 illos,
876 1772 941 1836 nisi
973 1772 1092 1837 caritas
1124 1772 1160 1835 in
1195 1770 1291 1836 vobis

242 1873 336 1963 [per¹
370 1873 528 1961 gretiam]
566 1873 709 1960 emplius
748 1874 920 1950 excitetur,
951 1873 1041 1950 femi,
1072 1873 1220 1938 nuditati
1255 1878 1289 1938 et

241 1976 397 2064 perieulis
420 1976 575 2042 omnibus
598 1976 807 2062 exposuistis.

287 2081 467 2145 Versentur
499 2078 570 2144 haeo
602 2084 636 2143 et
670 2078 793 2143 similia
815 2079 851 2143 in
873 2078 994 2143 animis
1017 2084 1051 2143 et
1083 2083 1234 2143 teruntur
1255 2079 1292 2143 in

242 2182 411 2269 colloquiis
447 2182 574 2260 vestris,
598 2185 632 2246 et
667 2183 780 2266 ponite
814 2182 911 2246 eorda
943 2186 1056 2246 vestre
1089 2202 1188 2267 super
1219 2181 1291 2246 viss

243 2294 375 2361 vestras,
400 2291 434 2349 et
456 2304 587 2350 oausam
611 2291 645 2348 et
668 2284 790 2349 itinere
819 2283 932 2369 petris,
956 2289 991 2348 et
1013 2283 1087 2348 viss
1110 2283 1289 2348 adversen-

242 2387 346 2464 tium;
369 2392 404 2449 et
427 2385 591 2450 attendite
617 2384 691 2470 quis
714 2384 785 2449 Deo
809 2373 992 2469 inspeetore
1008 2391 1043 2449 et
1061 2384 1178 2468 judice
1189 2385 1293 2471 possit

243 2488 285 2554 eb
300 2488 351 2552 his
375 2487 485 2552 exitus
508 2487 688 2573 provenire.
735 2488 789 2553 Ite
808 2494 919 2553 tumen
939 2493 1064 2553 utnon
1090 2486 1175 2552 elius
1199 2486 1293 2573 [εείὺ]2

244 2587 466 2656 eonsultstor³
488 2588 630 2666 Runulfi,
646 2589 731 2653 elius
747 2589 769 2654 J
770 2611 891 2665 omnes,
908 2590 994 2655 elius
1019 2590 1191 2668 Mambres
1208 2590 1293 2655 alius

244 2690 410 2758 Aehitofol
447 2712 680 2776 magorumque
727 2692 907 2769 similium
957 2693 1015 2756 sed
1061 2693 1293 2758 conscientium

243 2795 381 2880 quisque
405 2793 570 2868 discutiat,
593 2799 628 2858 et
650 2793 802 2859 consulet
835 2794 940 2878 legem
974 2792 1045 2858 Dei.
1104 2794 1181 2858 dem
1217 2814 1295 2859 sene

243 2896 366 2982 praeviu
388 2896 517 2961 ratione
540 2894 698 2960 illustrati
723 2896 946 2981 pergratiam
969 2895 1134 2960 reducetis
1156 2895 1199 2959 sd
1223 2896 1291 2960 sni·

244 3019 335 3064 mum
357 2998 513 3084 quonism
538 2997 761 3064 misericordie
791 2996 964 3081 plenitudo
988 2995 1155 3061 virtutum
1177 3001 1237 3074 est,
1260 3002 1295 3061 et

244 3100 430 3166 recedentes
452 3121 473 3166 s
496 3099 560 3164 viis
589 3099 741 3186 pristinis
771 3120 847 3164 oum
882 3121 920 3164 eo
953 3098 1081 3165 ferietis
1114 3099 1295 3164 misericor-

245 3201 341 3277 dium,
365 3200 444 3287 qui⁴
466 3221 538 3266 esm
563 3201 633 3265 Deo
656 3201 860 3287 propitiante
883 3201 951 3266 oito
983 3200 1180 3285 respondere
1203 3205 1295 3286 pote·

245 3303 289 3368 rit
311 3304 347 3367 in
370 3322 472 3368 eornu
504 3302 621 3378 uberi,⁶
644 3307 678 3367 et
700 3300 884 3388 affligentes
908 3323 942 3366 ee
965 3308 1119 3388 potenter
1141 3301 1294 3389 effligere.

247 3405 299 3471 Sit
321 3405 467 3491 Spiritus
497 3403 623 3470 consilii
648 3403 828 3482 vobiscum,
850 3409 885 3469 et
908 3404 1032 3489 diriget
1054 3405 1152 3470 corda
1175 3408 1295 3481 vestra,

248 3509 343 3573 utin
366 3508 488 3572 bonum
523 3507 739 3572 memineritis
772 3508 882 3572 vestri.
930 3507 1012 3573 Hsee
1044 3509 1133 3572 euim
1156 3529 1176 3572 e
1199 3506 1295 3573 eorde

248 3614 282 3674 et
302 3609 399 3675 lsbiis
429 3609 520 3685 meis,
544 3609 613 3673 Deo
645 3609 836 3694 inspectore,
861 3613 954 3682 teste,
978 3613 1012 3673 et
1030 3609 1152 3693 judice,
1177 3609 1296 3674 ueritus

248 3711 408 3799 expressit
431 3711 474 3777 sd
498 3710 703 3776 dulcissimos
725 3716 761 3776 et
783 3709 1094 3776 reverendissimos⁶
1116 3710 1242 3786 fratres,
1258 3715 1297 3774 ut

248 3812 327 3878 mihi
350 3814 391 3878 de
425 3817 543 3878 stetero
577 3832 685 3877 eorem
718 3811 798 3888 Deo,
829 3833 927 3897 quem
962 3817 1080 3877 testem
1116 3812 1240 3876 bonum
1263 3816 1298 3874 et

245 3914 387 4000 judioem
421 3914 547 3988 invem,
571 3913 729 3998 imputari
759 3934 827 3978 non
861 3913 988 3989 debeat,
1012 3913 1039 3976 si
1070 3935 1121 3977 ine
1152 3912 1298 3977 salubris

249 4015 470 4083 oonsulentem
495 4014 718 4102 dedignentur
740 4015 863 4079 audire.

877 4167 954 4174 ——0-

285 4243 292 4274 ¹
307 4258 353 4307 per
362 4241 480 4305 oration,
493 4239 517 4289 G
529 4260 535 4297 ;
551 4254 601 4289 om.
612 4241 646 4289 sl.
767 4256 769 4282 ι
827 4239 838 4270 ⁴
856 4239 925 4300 quio,
935 4239 966 4288 L.

284 4320 293 4351 ²
311 4320 351 4378 n'l,
362 4318 400 4379 L;
418 4333 467 4368 om.
481 4317 515 4376 V,
528 4318 560 4377 0,
573 4319 601 4368 Z.
768 4324 773 4431 b
830 4320 840 4347 ⁵
857 4315 935 4376 verti,
948 4317 1022 4409 ¹⁴1⁶:

285 4397 295 4428 ³
310 4394 440 4455 consultor,
451 4396 484 4448 0.
832 4395 842 4426 ⁶
860 4403 1078 4452 revermtrrnmos.
1090 4397 1119 4447 0.

559 4667 562 4672 '
575 4666 945 4680 m
