3278 5662
372 790 436 854 240
802 804 988 855 arrsroen.
1228 794 1306 878 [an.
1325 797 1421 865 1170.

370 995 482 1067 cestat,
529 995 563 1054 et
606 989 664 1054 alii
710 989 822 1054 nuntii
862 991 956 1076 regis,
1004 1012 1094 1057 nunc
1139 1002 1284 1058 vestram
1324 995 1420 1084 longe

370 1092 513 1157 deterius
536 1091 736 1178 deceperunt
769 1093 988 1159 sanctitatem.
1038 1093 1121 1160 Ecce
1153 1095 1242 1160 eninr
1265 1118 1325 1162 rex
1356 1099 1422 1176 ille,

370 1195 428 1279 qui
457 1194 542 1258 nihil
580 1194 671 1259 aliud
708 1194 774 1258 nisi
812 1200 952 1259 mortem
987 1202 1134 1261 vestram
1160 1197 1328 1265 desiderat
1362 1207 1422 1266 aut

369 1300 523 1372 nostram,
547 1296 618 1360 voti
642 1316 772 1381 compos
804 1294 938 1362 effectus
963 1302 1022 1373 est,
1045 1317 1180 1382 sperans
1204 1297 1306 1386 (quod
1329 1300 1421 1367 Deus

369 1403 501 1462 avertat
515 1400 536 1480 1)
558 1398 620 1461 sub
650 1397 749 1483 hujus
774 1394 967 1462 dilationis¹
993 1403 1103 1464 tractu
1138 1399 1256 1464 horum
1278 1401 1420 1467 alterum

370 1504 576 1565 eventurum.
631 1499 698 1565 Sed
732 1501 872 1565 monetis
906 1506 946 1565 ut
978 1501 1112 1566 interim
1143 1503 1339 1588 patientiam
1362 1505 1419 1572 ha-

359 1603 510 1666 beamus.
564 1601 640 1666 Non
663 1600 848 1677 attenditis,
871 1606 973 1686 pater,
997 1600 1060 1669 hoc
1087 1602 1230 1670 interim
1253 1626 1353 1691 quam
1376 1609 1421 1673 sit

368 1704 614 1790 dispendiosum
649 1702 799 1779 ccclesiae,
835 1708 870 1768 et
907 1707 1071 1789 quantum
1109 1711 1228 1771 vestrae
1266 1707 1437 1774 debehat·

369 1807 545 1872 honestati.
592 1805 742 1871 Interim
766 1805 974 1891 episcopatus
1009 1812 1045 1872 et
1076 1807 1227 1873 abbatias
1265 1815 1421 1876 vacantes

283 1904 289 1912 ’
367 1911 403 1974 in
426 1909 574 1995 proprios
596 1909 718 1973 abusus
740 1907 869 1993 redigit,
892 1928 952 1973 nec
975 1907 1099 1974 inillis
1122 1911 1250 1995 patitur
1272 1912 1418 1979 ordinari

371 2018 528 2099 pastores.
577 2008 728 2076 laterior
767 2009 802 2073 in
834 2031 948 2075 omnes
985 2011 1167 2096 parochias,
1198 2013 1357 2092 ecelesias,
1388 2021 1423 2081 et

368 2115 439 2181 loca
470 2112 681 2191 venerabilia,
704 2119 738 2177 et
770 2117 878 2178 totum
913 2113 1044 2191 clerum,
1068 2113 1275 2181 irrevocabili
1307 2115 1419 2184 furore

369 2215 597 2282 debacchatur.
643 2213 878 2280 interiectam
901 2215 971 2301 ipse
995 2237 1094 2300 quam
1117 2216 1174 2282 alii
1198 2225 1420 2303 persecutores
1478 2277 1480 2281 ,

368 2318 511 2385 ccclesiae
533 2317 662 2384 licitum
685 2322 859 2402 coaequant
880 2315 985 2384 libito.
1034 2317 1117 2399 Quis
1139 2317 1281 2386 deterior
1306 2321 1418 2387 ovium

370 2418 495 2486 Christi
517 2443 630 2486 curam
662 2424 763 2507 geret,
787 2424 822 2484 et
843 2441 897 2485 eas
921 2420 1068 2486 excutiet
1089 2443 1110 2486 a
1142 2420 1294 2488 faucibus
1325 2424 1419 2511 lupo·

369 2547 451 2602 rum,
466 2525 523 2609 qui
544 2522 614 2608 jam
637 2544 705 2588 non
719 2521 931 2599 circumeunt,
947 2521 1014 2597 sed,
1031 2522 1142 2588 caulas
1165 2522 1254 2609 ipsas
1270 2525 1418 2612 ingressi,

369 2625 530 2704 mordent,
568 2625 723 2701 lacerant,
757 2629 792 2689 et
824 2623 980 2690 occidunt
1023 2624 1155 2690 nemine
1193 2626 1427 2695 reclamantes

306 2750 309 2755 ·
370 2726 433 2794 Cui
472 2728 560 2792 enim
591 2732 761 2813 pastorum
799 2747 865 2791 non
895 2725 1116 2813 praeripuistis
1155 2733 1291 2795 vocem?
1336 2728 1419 2810 Quis

370 2830 594 2916 opiscoporum
618 2850 685 2894 non
709 2833 760 2893 est
782 2828 817 2893 in
841 2833 956 2893 nostra
978 2827 1192 2914 suspensione
1215 2837 1418 2917 suspensus?

202 2927 294 3042 {fffflfss
319 2993 331 3042 f
371 2932 458 2997 Nam
482 2932 568 2999 sicut
591 2933 661 2998 sine
685 2930 845 3017 exemplo,
868 2930 918 2995 ita
940 2935 975 2995 et
996 2931 1067 2995 sine
1090 2931 1219 3009 merito,
1241 2932 1329 2999 sacta
1359 2940 1419 3016 est,

201 3009 339 3123 ,ιιζῖζρᾌ
375 3039 409 3099 et
425 3039 492 3098 tam
516 3033 566 3097 illi
589 3031 775 3120 quamaliis
797 3031 1012 3118 principibus,
1035 3037 1070 3097 et
1085 3038 1199 3098 vestro
1215 3039 1363 3120 tempore
1385 3042 1420 3101 et

202 3126 288 3190 lenity.
370 3143 444 3224 post
482 3138 552 3202 dies
591 3140 727 3212 vestros,
777 3133 938 3221 praebebit
984 3133 1157 3200 audaciam
1206 3138 1418 3203 conculcandi

369 3239 528 3315 ccclesias,
561 3236 784 3325 proscribendi
816 3236 1015 3313 innocentes,
1049 3235 1269 3304 denuntiandi
1307 3240 1418 3305 inimi-

368 3342 464 3407 citias
487 3340 629 3407 ecclesiae
653 3339 819 3416 Romanae,
842 3337 907 3402 nisi
942 3337 1148 3403 connivendo
1181 3339 1235 3405 vel
1266 3340 1417 3406 dissimu-

369 3444 468 3510 lando
506 3442 724 3509 communicet
756 3445 790 3505 et
823 3440 1056 3507 auctoritatem
1090 3447 1225 3527 praestet
1261 3443 1418 3530 iniquita-

369 3549 459 3613 tibus
483 3568 603 3611 eorum.
650 3544 732 3611 Ecce
748 3541 861 3609 enim³
884 3565 952 3629 prae
975 3542 1128 3609 manibus
1152 3543 1277 3611 habent
1299 3552 1417 3612 vestre

369 3647 623 3736 dispensationis
657 3646 853 3732 exemplum,
886 3667 945 3711 nec
982 3645 1120 3710 dubium
1152 3652 1203 3712 est
1234 3647 1324 3733 quin,
1348 3653 1417 3714 tam

369 3753 410 3817 ab
443 3751 514 3836 ipso
549 3772 649 3836 quam
680 3771 701 3814 a
738 3749 878 3836 posteris
916 3748 996 3835 ejus,
1028 3747 1094 3812 nisi
1132 3748 1231 3814 citius
1269 3757 1419 3816 occurrat

369 3858 506 3922 dextera
538 3858 658 3932 vestra,
689 3850 842 3917 trahatur
873 3852 917 3916 ad
950 3851 1228 3936 consequentiam,
1259 3857 1294 3917 ct
1324 3854 1417 3938 quasi

369 3959 404 4022 in
438 3957 648 4045 privilegium
680 3955 857 4041 redigatur,
889 3960 929 4018 ut
966 3975 1025 4039 pro
1060 3973 1265 4040 quocumque
1299 3955 1418 4021 scelere

367 4087 428 4131 nec
459 4066 496 4129 in
527 4086 644 4151 regem,
667 4083 728 4128 nec
761 4061 797 4124 in
823 4079 978 4146 personas
1012 4060 1115 4145 regni,
1138 4080 1199 4126 nec
1229 4060 1265 4124 in
1296 4067 1417 4127 terram

367 4165 490 4233 liceat⁴
519 4161 865 4231 excommunicationis
890 4165 950 4226 aut
983 4159 1152 4228 interdicti
1183 4161 1254 4227 sine
1277 4164 1418 4228 auctori-

368 4274 438 4334 tate
462 4263 759 4353 sedisapostolicae
790 4261 999 4349 promulgare
1023 4264 1231 4330 sententiam.
1277 4263 1322 4327 Et
1344 4286 1417 4350 pro-

370 4444 706 4458 ·-.·.-—-.-.-—--.-——
720 4442 809 4450 ——-—-
1367 4446 1417 4454 ..ς

401 4547 408 4579 ¹
428 4542 576 4604 dilectionis,
587 4541 623 4590 A.
952 4538 962 4570 ³
979 4539 1051 4600 eninr,
1063 4539 1090 4588 Α
1101 4559 1108 4599 3
1126 4554 1176 4589 om.
1187 4538 1217 4589 L.

401 4622 552 4682 2eeclesiae,
571 4626 604 4679 A,
624 4621 656 4680 0,
674 4620 709 4678 Z,
733 4618 867 4678 ecclesiam,
952 4616 1044 4679 ⁴iicet,
1056 4619 1092 4677 V,
1105 4617 1135 4668 0.

367 4705 397 4755 L.
