3278 5662
188 819 253 868 au.
272 800 383 885 1171]
622 814 803 863 nrrsroum.
1176 802 1240 864 485

188 1003 343 1068 mandato
365 1002 505 1068 Romani
528 1000 702 1088 pontificis,
730 1001 783 1064 vol
799 998 918 1086 'legati
941 1001 984 1064 ab
1007 1022 1045 1065 oo
1069 1001 1239 1078 destinati,

188 1105 302 1170 diviua
325 1105 430 1170 offioia
452 1104 614 1170 celebrare
636 1109 825 1188 praesumat.

232 1208 322 1273 Data
344 1208 480 1283 Tuscul.¹
505 1207 537 1272 ii.
562 1206 643 1270 Idus
667 1205 757 1270 Maii.

625 1661 812 1728 DOOLVL

297 1838 521 1905 Auosrnus⁸
543 1854 590 1903 un
613 1838 835 1903 (turanorum
858 1838 1134 1904 Lonuourunsurr

613 1956 815 2005 nrrsooruu.

554 2116 867 2178 mmmmm)

235 2276 374 2341 Venturi
397 2280 483 2353 sunt,
506 2279 545 2338 ut
568 2274 697 2350 dieitur,
714 2275 871 2359 magister
896 2274 1009 2341 Otho1
1033 2276 1239 2342 Tusculanus
1251 2289 1341 2339 Move-

187 2380 358 2463 opiscopus
394 2381 428 2441 ot
461 2376 615 2441 dominus
646 2375 804 2440 Albertus
839 2377 1012 2461 presbyter
1044 2377 1236 2456 cardinalis3
1251 2356 1390 2474 32¹¹&ssss

187 2482 272 2546 etsi
295 2480 448 2544 dominus
471 2500 530 2543 rox
558 2478 715 2543 mandato
736 2477 862 2543 domini
886 2480 1240 2557 starevoluo1it,tuno

187 2582 333 2648 creditur
357 2602 411 2645 oos
427 2584 585 2645 venturos
610 2580 646 2642 in
670 2579 835 2664 Angliam.
881 2579 1046 2644 Dominus
1069 2581 1239 2648 Jaoinotus

187 2681 345 2748 transiit²
375 2682 412 2747 in
439 2682 647 2767 Hispaniam,
672 2681 848 2746 functurus
878 2682 1002 2745 ibidem
1026 2682 1130 2748 officio
1152 2684 1240 2770 loga-

188 2786 295 2850 tiouis,
342 2785 455 2849 Abbas
471 2782 736 2848 Claraevallensis
751 2783 819 2847 fuit
842 2783 1019 2849 Placentiae
1050 2786 1156 2871 prima
1187 2788 1240 2852 dio

186 2885 362 2950 Dominioa
397 2890 472 2970 post
502 2884 736 2948 rtsoensionom
774 2883 919 2961 Domini,
959 2887 1159 2951 transiturus
1196 2889 1239 2953 ad

187 2989 356 3051 dominum
380 2992 565 3072 papamet
587 2986 721 3051 modum
755 2986 851 3070 paria,
875 2987 961 3051 sicut
996 2994 1030 3053 ot
1061 2989 1240 3075 imperator

188 3097 222 3154 ot
243 3112 301 3153 rex
322 3089 523 3153 Francorum
546 3089 720 3154 concordes
744 3087 852 3153 effecti
879 3095 968 3168 sunt,
985 3090 1117 3156 domino
1144 3114 1239 3178 papae

187 3198 221 3256 et
240 3192 338 3255 ouriae
359 3190 607 3275 representabit.
654 3190 776 3255 Nuntii
799 3191 905 3254 nostri
920 3193 1101 3257 transitum
1116 3194 1239 3261 habue-

187 3297 267 3356 runt
289 3313 391 3377 prope
416 3292 556 3355 Romam
584 3291 671 3355 datis
698 3291 905 3355 sanatoribus
932 3292 1054 3378 viginti
1081 3295 1181 3373 libris,
1205 3303 1239 3361 ot

185 3394 286 3458 iidem
318 3393 429 3457 nuntii
460 3391 598 3456 fuerunt
628 3391 793 3467 Bononiae,
828 3392 864 3455 in
901 3393 1018 3472 reditu,
1049 3397 1155 3480 prima
1185 3397 1238 3463 die
1253 3400 1314 3463 May
1326 3405 1351 3449 ⁹·

186 3494 360 3559 Dominioa
390 3498 465 3578 post
496 3492 736 3557 Asoousionom.
783 3491 1008 3578 Wigornensis
1032 3500 1144 3561 tamon
1170 3499 1239 3584 epi-

187 3618 303 3682 scopus
330 3601 364 3660 et
390 3594 594 3680 Reginaldus
620 3594 869 3661 archidiaconus
899 3617 964 3661 non
996 3599 1068 3663 ausi
1101 3606 1179 3665 suut
1205 3622 1238 3665 se

187 3695 390 3764 committam
413 3696 491 3760 fidei
518 3700 714 3762 senatorum.
762 3696 926 3762 Robortus
942 3698 982 3763 de
1006 3698 1104 3766 Novo
1128 3702 1238 3788 Burgo

187 3801 321 3866 transiit
339 3801 375 3863 in
401 3798 557 3874 Siciliam,
574 3798 772 3864 visitaturus
794 3820 903 3883 regom
926 3805 960 3864 ot
980 3809 1133 3886 parentes
1154 3827 1237 3870 suos.

187 3904 350 3967 Praetoraa
391 3900 502 3965 sciatis
542 3899 630 3984 quod
668 3899 821 3963 dominus
858 3922 917 3965 rex
957 3904 1068 3969 omnia
1105 3906 1239 3972 castella

186 4003 369 4069 Widoman'
400 4002 440 4065 de
472 4001 565 4066 Leun
603 4000 769 4065 subvertit
806 4000 838 4064 iu
879 4002 1063 4082 Britannia,
1093 4008 1238 4092 exceptis

187 4107 294 4171 tribus
328 4127 401 4189 quaa
425 4103 578 4168 dominus
608 4123 667 4165 rex
696 4101 798 4167 habet
828 4103 864 4167 in
894 4126 995 4169 manu
1022 4128 1089 4171 sua
1136 4107 1240 4172 Plana

187 4215 275 4274 terra
309 4207 498 4271 Widomaro
528 4225 684 4270 concessa.
746 4204 843 4284 Quod
880 4212 992 4271 autem
1031 4208 1239 4273 Widornarns

221 4457 228 4488 ¹
251 4456 318 4517 Odo,
329 4456 362 4505 Ι).
701 4454 707 4520 Ι
770 4454 782 4488 ²
799 4457 900 4517 transit,
912 4456 944 4505 D.

217 4655 360 4718 'Perhaps
388 4653 438 4705 this
466 4654 541 4705 letter
568 4668 627 4718 may
655 4655 687 4703 ba
736 4654 851 4704 vehare
863 4656 994 4716 soomhsd
1014 4658 1077 4707 been
1097 4659 1183 4727 aoting
1198 4661 1239 4713 for

200 4733 301 4785 scribed
312 4740 339 4784 to
358 4733 455 4783 Mutet
475 4731 569 4795 David,
581 4733 647 4793 who,
658 4748 687 4784 aa
735 4731 823 4783 Foliot
834 4732 860 4783 in
871 4733 915 4785 tha
926 4736 1002 4800 popul
1013 4744 1093 4787 court.
