3278 5662
191 776 258 828 un.
278 760 387 846 1170]
628 778 808 831 srrsrousa

630 1143 812 1211 DOXLIV.

196 1300 342 1364 Tuosms
377 1298 659 1365 Cauruamnusrs
696 1315 989 1363 mcurnrrscorus
1028 1299 1246 1363 Bnrumunol

286 1401 319 1463 N
322 1416 511 1465 rvr-:nusum
550 1416 723 1476 srrscoro,
773 1400 853 1484 (sus
896 1416 1065 1465 aurasius
1110 1416 1246 1465 uommr

285 1518 439 1566 ruorrsu
462 1503 636 1584 rusmms.)

315 1652 364 1716 (A.
376 1655 442 1713 2443
460 1652 492 1702 Ο.
504 1651 529 1700 ii.
542 1655 606 1712 2493
625 1652 653 1700 Z.
665 1666 690 1700 v.
705 1655 752 1712 123
770 1652 834 1716 Imp.
847 1668 871 1701 r.
887 1656 934 1714 123
951 1650 1044 1702 Thom.
1059 1655 1128 1713 140.)

242 1779 376 1865 Dirigat
410 1780 574 1844 Dominus
605 1801 735 1865 gressus
769 1785 905 1857 vestros,
938 1786 976 1845 ut
1007 1781 1044 1845 in
1066 1802 1166 1845 causa
1196 1802 1247 1847 ec·
1260 1800 1386 1867 waming

197 1881 313 1957 clasiae,
336 1882 430 1966 cujus
461 1882 628 1947 exsecutio
651 1882 745 1946 vobis
779 1903 838 1968 pro
870 1888 965 1968 parte
995 1884 1167 1947 commissa
1188 1887 1247 1960 cst,
1260 1867 1363 2000 ffim‘

198 2003 265 2047 non
289 1984 460 2048 declinetis
487 1984 531 2047 ad
553 1984 724 2049 dexteram
748 1983 801 2049 vel
824 1983 890 2049 ιιι1ε
912 1986 1090 2061 sinistram,
1112 1984 1170 2050 sed
1193 1985 1250 2050 via
1263 2001 1361 2065 fleury.

199 2085 290 2170 regia
312 2085 482 2161 incedatis,
506 2092 545 2150 ut
567 2107 627 2150 nec
650 2085 948 2164 sollicitationibus,
972 2107 1032 2152 nec
1058 2088 1165 2165 minis,
1189 2110 1249 2154 nec

200 2187 375 2271 exquisitis
398 2187 482 2252 dolis
505 2187 685 2272 praevaleat
706 2188 865 2253 adversus
887 2189 1102 2274 prudentiam
1124 2196 1160 2254 ct
1181 2191 1250 2254 sin-

200 2289 373 2354 ceritatem
411 2294 566 2361 vestram,
601 2289 696 2374 cujus
734 2290 920 2356 tendiculas
952 2289 1064 2355 nullus
1101 2313 1249 2376 unquam

200 2392 307 2455 evasit
330 2391 387 2477 qui
411 2412 486 2456 cum
509 2392 582 2476 ipso
603 2394 814 2457 contraxerit.
862 2394 915 2469 Et,
937 2394 1002 2458 nisi
1025 2393 1131 2471 fallor,
1155 2394 1250 2459 robis

200 2494 417 2579 pugnandum
441 2495 505 2558 erit
530 2494 573 2559 ad
595 2494 727 2572 bestias,
752 2516 826 2562 cum
851 2497 923 2581 ipsc
945 2497 1122 2581 episcopos,
1149 2496 1249 2562 abba-

200 2602 259 2672 tos,
294 2601 329 2660 et
352 2597 440 2660 viros
474 2595 637 2661 disertos³
670 2596 915 2682 producturus⁴
945 2599 999 2674 sit,
1030 2604 1069 2661 ut
1103 2619 1163 2683 per
1195 2620 1249 2663 eos

201 2704 370 2783 expugnet
393 2698 612 2762 constantiam
630 2704 784 2774 vestram,
799 2698 827 2762 si
850 2699 1058 2784 praesenserit
1080 2698 1168 2784 quod
1192 2720 1250 2763 voe

200 2799 392 2883 promissis⁶
426 2804 460 2863 et
495 2799 722 2883 blandiloquio
757 2799 994 2865 circumvenire
1031 2821 1098 2864 nou
1137 2800 1250 2885 possit,

203 2900 290 2979 Quia
322 2922 399 2985 ergo
432 2900 634 2985 multiplices
672 2899 763 2963 illius
795 2901 938 2985 prodigii
973 2900 1065 2967 sucos
1099 2922 1167 2966 non
1201 2906 1252 2965 est

201 3001 297 3065 facilc
336 3000 590 3087 deprehendere,
625 3001 787 3087 quidquid
821 3002 955 3079 dixerit,
988 3000 1252 3088 quamcumque⁶

202 3106 341 3189 liguram
375 3102 516 3168 induat⁷
547 3112 615 3168 tam
651 3102 743 3190 ipse⁸
774 3125 873 3189 quam
909 3105 1020 3169 omnia
1053 3105 1125 3190 ejus
1156 3104 1252 3169 vobis

201 3211 353 3290 suspecta
385 3205 462 3281 sint,
485 3212 519 3269 et
550 3205 689 3269 fallaciae
724 3205 823 3290 plena
858 3227 927 3269 esse
962 3205 1151 3281 credantur,
1186 3206 1251 3269 nisi

203 3329 343 3391 quorum
375 3307 474 3370 fidem
498 3307 667 3370 manifesti
690 3307 798 3391 operis
826 3305 991 3371 exhibitio
1014 3307 1250 3393 comprobabit.

204 3408 241 3473 si
267 3430 343 3472 vcro
375 3409 516 3472 senserit
549 3407 638 3492 quod
662 3429 720 3471 vos
752 3416 814 3472 aut
845 3408 1016 3493 promissis
1045 3430 1252 3494 corrumpere

203 3510 323 3585 valeat,
345 3516 405 3573 aut
436 3510 536 3572 minis
558 3510 733 3585 deterrere,
755 3516 794 3573 ut
816 3509 944 3595 aliquid
967 3510 1117 3576 obtineat
1139 3518 1254 3577 contra

204 3612 411 3677 honestatem
451 3618 596 3677 vestram
641 3621 676 3677 et
716 3634 822 3677 causac
863 3612 1124 3691 indemnitatem,
1164 3614 1253 3679 illico

204 3724 315 3780 vestra
338 3715 427 3800 apud
444 3736 518 3779 cum
541 3736 674 3800 prorsus
697 3723 870 3779 evanescet
892 3718 1080 3791 aucmritas,
1104 3722 1139 3781 et
1162 3716 1253 3781 eritis

203 3822 273 3879 tam
306 3816 353 3880 illi
387 3839 486 3901 quam
519 3815 587 3879 suis
621 3816 657 3879 in
692 3821 927 3902 contemptum,
960 3817 996 3881 in
1028 3816 1184 3893 fabulam,
1219 3818 1254 3881 in

204 3918 357 3982 derisum.
420 3920 481 3983 Sin
513 3924 626 3981 autem
660 3917 786 3982 viderit
818 3919 907 4003 quod
941 3940 1001 3983 vos
1034 3940 1055 3983 a
1086 3920 1255 4004 proposito

204 4021 335 4085 flectere
366 4020 688 4104 nequeat,fu1·orom
723 4020 895 4085 simulabit
918 4020 954 4085 in
984 4021 1108 4106 primis,
1127 4020 1257 4104 jurabit

205 4129 240 4188 et
263 4123 434 4208 dejerabit,
460 4123 638 4187 Prothoum
667 4123 864 4203 imitabitur,
888 4130 923 4187 et
946 4124 1081 4189 taudem
1112 4130 1257 4188 reverte·

240 4352 247 4384 ¹
267 4349 412 4407 Beruordo,
426 4350 461 4409 A,
473 4350 508 4410 Z;
527 4365 577 4398 om.
589 4349 619 4397 L.
790 4350 800 4378 ⁵
813 4350 974 4413 promisistis,
987 4350 1027 4409 0;
1044 4365 1109 4400 corr.
1121 4352 1158 4403 A.

237 4428 249 4462 ²
266 4428 309 4487 ud,
321 4430 354 4487 7¹3
372 4444 422 4477 om.
435 4428 464 4476 L
790 4428 801 4459 ⁰
818 4435 992 4492 quantumque,
1004 4428 1038 4477 V.

240 4508 251 4540 ³
265 4507 380 4563 disertos,
394 4507 429 4561 Z;
447 4505 575 4564 discretos,
587 4506 617 4554 L.
788 4506 799 4543 7
816 4506 930 4567 inducat,
943 4506 975 4558 L.

239 4590 249 4619 ⁴
264 4585 442 4650 producturus,
461 4587 496 4645 A,
517 4586 557 4645 03
571 4583 707 4649 perdisces·
789 4585 801 4615 ⁸
819 4586 881 4649 ipse,
893 4586 928 4646 A,
939 4585 971 4645 Ο,
983 4587 1019 4645 Ζ;
1037 4602 1088 4637 om.
1100 4588 1130 4638 L.

205 4683 256 4722 rus,
270 4667 298 4714 lt.
