3278 5662
358 762 400 820 38
799 773 977 822 trusione.
1215 762 1291 844 [nn.
1312 764 1407 824 llos.

356 965 499 1031 ecclcsiae
522 966 691 1042 excitavit,
714 971 757 1043 ct,
780 965 936 1031 mandato
960 970 1069 1030 vestro
1091 964 1292 1044 inobediens,
1317 966 1411 1031 cleri·

358 1089 470 1132 corum
504 1071 562 1152 qui
599 1090 659 1153 pro
692 1067 828 1152 justitia
859 1066 994 1152 spoliati
1027 1072 1106 1130 sunt
1139 1067 1247 1133 adhuc
1281 1067 1410 1132 detinet

359 1172 452 1238 bona.
499 1174 587 1240 Nam
625 1174 652 1238 si
691 1173 727 1237 in
764 1173 914 1238 fraudem
952 1173 1168 1259 spoliatorum
1202 1174 1277 1238 dolo
1310 1174 1409 1238 desiit

358 1281 531 1365 possidere,
554 1288 614 1345 aut
651 1279 754 1364 (quod
788 1279 893 1365 magis
930 1279 1110 1364 credimus)
1134 1279 1230 1365 fingit
1267 1302 1301 1344 se
1334 1279 1408 1343 aliis

359 1381 490 1446 cessisse
513 1381 756 1467 possessionem,
780 1379 996 1445 nihilominus
1019 1379 1227 1445 damnandus
1249 1386 1309 1457 est,
1325 1402 1409 1468 prae-

360 1484 473 1548 sertim
496 1506 571 1549 cum
593 1490 672 1549 ante
710 1483 870 1568 receperit
904 1488 972 1548 tam
1006 1488 1132 1549 vestras
1163 1504 1263 1568 quarn
1300 1482 1407 1548 archi·

360 1586 503 1671 episcopi
527 1587 578 1650 sui
617 1585 739 1662 literas,
764 1585 885 1670 quibus
908 1585 1164 1670 praecipiebatur
1204 1586 1240 1650 in
1263 1585 1408 1671 periculo

360 1685 484 1749 ordinis
507 1685 557 1749 sui
581 1691 616 1750 et
638 1685 699 1750 sub
721 1684 931 1749 anathemate
955 1685 1127 1751 restituere
1151 1685 1275 1751 clericis
1297 1685 1410 1750 ablata

360 1808 434 1871 quae
458 1786 601 1862 tenebat,
640 1791 674 1850 et
696 1786 786 1863 alios
826 1786 882 1870 qui
921 1786 1007 1851 bona
1038 1787 1217 1852 eorundem
1251 1787 1408 1852 mandato

360 1890 445 1976 regis
468 1893 716 1974 occupaverant,
739 1888 782 1951 ad
816 1887 1059 1953 restitutionem
1082 1888 1264 1954 faciendam
1288 1888 1409 1954 severi·

359 1999 428 2057 tate
445 1992 661 2059 ecclesiastica
676 2012 858 2076 perurgere.
899 1990 962 2055 Sed
979 1991 1059 2075 quia
1080 1991 1178 2055 nimis
1193 1992 1285 2058 “alta
1298 1998 1409 2057 mente

358 2092 573 2180 “repostum1
607 2092 745 2167 manet,'’
778 2092 863 2177 quod
896 2114 971 2156 eum
996 2091 1243 2159 Cantuariensis
1266 2094 1409 2170 ecclesia,

359 2200 458 2281 prout
489 2193 659 2269 ambierat,
697 2214 764 2256 non
802 2191 912 2278 elegit,
947 2198 981 2256 et
1018 2193 1176 2259 hactenus
1198 2200 1409 2281 prosperetus

360 2301 410 2361 cst
432 2297 468 2359 in
491 2294 713 2380 inquitatibus
748 2294 825 2370 suis,
861 2301 895 2358 et
930 2294 1017 2378 quod
1041 2296 1127 2359 male
1149 2296 1250 2361 libuit
1272 2297 1407 2382 impune

359 2397 532 2473 commisit,
555 2397 642 2461 sicut
665 2417 764 2481 opera
799 2396 870 2480 ejus
904 2394 1062 2460 videntur
1084 2398 1244 2474 attestari,
1268 2397 1354 2461 nihil
1377 2398 1408 2462 ei

359 2500 440 2566 satis
464 2499 536 2575 erit,
552 2498 615 2563 nisi
640 2498 750 2561 virum
773 2497 981 2562 innocentem
1006 2504 1039 2562 et
1058 2498 1198 2583 justum,
1221 2506 1255 2564 et
1278 2506 1407 2585 patrem

359 2625 464 2679 suum,
496 2605 530 2664 et
558 2600 630 2684 jam
661 2600 781 2684 saepius
819 2598 1045 2679 confessorem,
1080 2600 1121 2665 de
1159 2607 1247 2666 terra
1277 2623 1408 2687 prorsus

358 2703 489 2770 avellat.
537 2702 653 2787 Nuper
675 2702 711 2764 in
734 2701 870 2765 solemni
894 2707 1059 2766 conventu
1082 2724 1141 2788 per
1155 2701 1308 2768 officiales
1323 2704 1408 2789 regis

358 2805 540 2872 elaboravit
563 2810 601 2868 ut
623 2804 740 2869 fratres
762 2808 796 2868 et
818 2803 1021 2889 coepiscopos
1044 2826 1120 2869 suos
1142 2805 1205 2869 sibi
1228 2807 1410 2871 communi·
1495 2883 1497 2888 Ι

358 2931 431 2974 care
454 2907 671 2992 compelleret,
694 2909 728 2969 et
751 2905 884 2970 domino
909 2903 1139 2971 Cantuariensi
1162 2906 1308 2973 debitam
1331 2908 1408 2973 sub·

357 3011 487 3076 trahere
525 3008 754 3074 obedientiam.
800 3006 974 3083 Caeterum,
1013 3007 1083 3073 Deo
1121 3009 1313 3094 inspirante,
1348 3011 1405 3098 qui

358 3111 513 3198 praecipui
529 3116 624 3176 erant
646 3110 682 3173 in
697 3106 887 3174 conflatorio
910 3108 981 3193 ejus
1004 3109 1135 3196 probati
1158 3117 1246 3189 sunt,
1262 3117 1297 3177 et
1318 3114 1349 3177 ei
1373 3108 1408 3177 in

358 3216 476 3280 faciem
492 3214 688 3288 resistentes,
704 3214 774 3278 Deo
797 3218 875 3277 ante
898 3217 1106 3297 conspectum
1122 3236 1217 3280 suum
1234 3217 1410 3302 proposito,

359 3317 436 3381 hinc
458 3315 720 3401 indignationem
753 3314 846 3400 regis,
879 3335 979 3399 (luam
1002 3313 1057 3379 ille
1082 3316 1225 3381 concitat
1247 3323 1282 3382 et
1302 3318 1408 3382 mina-

359 3427 422 3495 tur,
455 3417 531 3480 inde
570 3415 827 3480 consolationem
859 3420 1058 3501 exspectant
1092 3439 1112 3481 a
1144 3418 1222 3482 Deo.
1270 3416 1407 3483 Conter-

358 3518 496 3583 minales
537 3538 650 3581 sumus
688 3517 878 3601 Anglorum‚
910 3523 944 3581 et
981 3523 1169 3582 nostrorum
1207 3525 1241 3583 et
1277 3519 1407 3585 illorum

358 3621 598 3684 interveniente
621 3617 785 3704 frequenti
808 3619 1010 3702 commercio,
1034 3641 1093 3684 nos
1115 3619 1210 3685 facile
1226 3621 1326 3687 latere
1342 3645 1409 3689 non

358 3727 475 3807 potest,
490 3721 578 3807 quod
594 3726 661 3785 tam
677 3719 855 3785 solenniter
877 3720 919 3785 ab
943 3721 1008 3784 illis
1030 3722 1165 3807 geritur.
1203 3724 1271 3788 Diu
1293 3726 1409 3811 lupum

359 3823 446 3887 texit
468 3823 503 3886 in
533 3821 674 3908 pellibus
708 3821 848 3907 agninis,
874 3827 907 3886 et
929 3821 1060 3887 fallacia
1082 3823 1217 3888 habitus
1241 3832 1276 3890 et
1296 3833 1409 3913 gestus

359 3925 513 3989 simulata
535 3924 692 4010 religione
715 3923 830 3987 derisit
860 3924 1037 3989 ecclesiam.
1085 3925 1174 4005 Quid
1197 3948 1274 4013 ergo
1296 3949 1408 4016 super·

359 4032 416 4103 cst,
440 4032 533 4113 pater
563 4026 687 4111 optime
716 4025 774 4109 qui
808 4025 912 4090 totius
946 4025 1089 4092 ecclesiae
1123 4027 1264 4093 salutern
1296 4051 1410 4116 coope-

359 4134 454 4193 rante
479 4127 623 4192 Domino
647 4127 854 4211 dispensatis,
874 4126 939 4189 nisi
963 4132 1011 4203 ut,
1035 4127 1151 4193 audito
1174 4130 1409 4214 sapientissimi

362 4229 547 4315 Salomonis
578 4228 723 4303 consilio
755 4227 826 4311 jam
853 4249 874 4293 a
907 4227 1033 4294 Christi
1064 4251 1197 4316 corpore
1221 4239 1408 4319 separatum

361 4330 500 4416 ejiciatis
531 4330 730 4395 derisorem?
777 4329 822 4395 Et
846 4330 952 4395 exibit
974 4353 1049 4397 cum
1075 4354 1113 4398 eo
1139 4331 1286 4420 jurgium
1298 4361 1306 4416 ;
1331 4358 1408 4402 nam

361 4432 464 4498 totius
508 4430 609 4516 hujus
646 4430 832 4497 schismatis
874 4438 987 4498 auctor
1024 4439 1075 4498 est
1113 4441 1146 4499 et
1187 4436 1345 4515 incentor,
1375 4446 1410 4504 et

745 4651 750 4682 ¹
769 4653 910 4718 repositum,
922 4653 952 4712 L,
966 4654 997 4706 G.
