3278 5662
231 826 296 875 ao.
316 811 470 894 1175-o.]
674 823 852 871 arrsronn.
1214 810 1278 873 509

230 1009 442 1097 privilegium
465 1009 623 1075 beneficio
646 1007 832 1094 apostolicae
864 1006 951 1072 sedis
973 1006 1154 1086 indultum,
1175 1012 1211 1072 ct
1242 1012 1280 1071 tu

231 1116 265 1177 et
296 1111 545 1197 predecessores
579 1111 630 1175 tui
663 1109 699 1174 id
725 1108 829 1176 facere
853 1108 1076 1187 consuevistis,
1109 1113 1187 1174 ante
1223 1130 1282 1174 vos
1329 1126 1332 1132 ’

231 1234 291 1299 per
312 1217 419 1277 totam
441 1212 597 1298 Angliam
620 1232 747 1278 crucem
762 1209 895 1290 deferre,
916 1230 1085 1297 quousque
1101 1209 1281 1276 diffinitiva

231 1313 397 1378 sententia
419 1313 614 1379 decernatur
641 1312 722 1398 quid
745 1310 881 1377 ecclesia
903 1314 963 1376 tua
986 1310 1104 1376 debeat
1138 1310 1179 1376 de
1206 1311 1283 1396 jure

212 1415 361 1481 babere.

669 1798 883 1868 DOOXOIX.

291 1955 498 2019 Srnrnuuus
520 1953 551 2019 S.
576 1952 726 2018 Evuuru
750 1952 1035 2017 Auammunusrs
1059 1967 1178 2031 annas,
1201 1969 1250 2016 an

417 2054 588 2119 Joauunu
611 2054 872 2118 Prcravmusnu
895 2067 1112 2120 mrseoruua

465 2207 567 2271 (Steph.
580 2209 687 2257 Toruae.
698 2207 748 2270 Ep.
760 2211 801 2266 25,
817 2220 859 2270 ap.
871 2205 967 2271 Migno,
979 2205 1057 2268 ccxi.)

284 2337 500 2403 Sanctissimo
534 2335 681 2421 [domino
693 2333 720 2420 ¹]
743 2341 778 2400 et
811 2335 900 2422 patri
923 2335 1049 2402 Joanni
1077 2335 1289 2416 Pictaviensi,

239 2437 427 2525 apostolicae
449 2438 535 2502 sedis
557 2437 666 2524 legato
689 2436 840 2517 salutem,
863 2443 898 2503 et
920 2458 1020 2523 quam
1044 2438 1188 2503 mundus
1212 2439 1290 2504 darc

238 2561 306 2604 non
328 2544 437 2624 potest
458 2559 579 2624 pacem.

285 2641 583 2727 Peregrinationem
607 2645 753 2705 vestram
776 2640 927 2705 absentia
951 2642 1037 2706 tanti
1071 2641 1175 2727 patris
1208 2641 1290 2704 mihi
1305 2649 1446 2712 &nuatu-

240 2742 361 2809 fecerat
406 2763 549 2825 gravem,
596 2742 731 2808 devotio
769 2741 857 2807 tanti
903 2743 1060 2828 martyris
1105 2743 1290 2829 gratiosam.
1304 2715 1425 2831 ffisson

240 2845 406 2911 Redeunti
444 2865 572 2909 summa
608 2844 792 2930 gratiarum
837 2843 967 2909 actione
1012 2843 1110 2910 laetus
1149 2866 1291 2922 occurre,
1304 2847 1442 2896 nurerum

178 3033 180 3037 ι
240 2970 337 3033 quem
360 2967 489 3011 summa
511 2945 699 3022 orationum
722 2946 885 3011 instantia
919 2947 1026 3012 tristis
1059 2947 1186 3027 fueram
1218 2969 1292 3033 pro·
1306 2914 1453 3044 {Effinge

241 3056 379 3115 secutus.
427 3048 585 3113 Reditnm
620 3047 847 3113 desiderabam
880 3050 1048 3114 communi
1082 3048 1198 3127 salute,
1232 3071 1291 3135 pro
1305 3046 1332 3095 in
1344 3045 1443 3096 honour

242 3172 320 3236 pace
358 3150 515 3236 principis
552 3150 662 3214 minus
706 3150 866 3215 sollicitus
911 3150 990 3235 quia
1028 3151 1138 3225 minus
1175 3150 1292 3216 solitus
1305 3111 1423 3227 bigla„

242 3273 387 3317 exorare.
434 3250 644 3318 Cumulatius
677 3252 812 3317 accessit
846 3251 935 3316 votis
967 3252 1049 3316 meis
1083 3251 1292 3317 salutationis

242 3353 397 3428 officium,
422 3357 456 3417 et
477 3351 567 3437 pacis
590 3352 720 3438 signum
744 3352 854 3418 osculo
879 3353 946 3418 oris
968 3354 1021 3418 sni
1043 3353 1138 3419 vobis
1160 3375 1181 3418 a
1202 3354 1293 3439 prin·
1307 3354 1457 3433 uiprecon-

243 3455 314 3540 cipe
337 3454 462 3531 datum,
484 3454 568 3519 levis
590 3454 673 3518 mihi
696 3454 870 3520 nuntiavit
892 3455 1053 3533 chartula,
1085 3456 1197 3541 gravis
1230 3455 1293 3519 lin·
1307 3422 1441 3552 33ssth

243 3578 317 3643 gua.
365 3556 497 3621 Crescat
527 3556 643 3634 indies,
665 3556 805 3635 obsecre,
829 3557 958 3643 gratia3
992 3578 1065 3642 quas
1087 3562 1199 3622 tamen
1221 3578 1294 3643 gra·
1308 3555 1405 3619 fleury.

242 3660 366 3724 tiaram
409 3678 477 3723 non
514 3657 687 3743 displiceat
732 3658 871 3736 auctori,
909 3680 969 3724 nec
1007 3659 1108 3737 dulia,
1147 3680 1222 3745 quae
1259 3660 1295 3723 in

245 3759 441 3845 quibusdam
458 3759 562 3823 nostri
578 3760 734 3844 temporis
749 3760 973 3825 sacerdotibus
996 3760 1127 3826 latriam
1145 3761 1295 3839 exclusit,

244 3870 387 3930 vestram
411 3864 533 3929 audeat
554 3863 745 3951 opinionem
767 3869 906 3931 tentare.

306 4032 349 4039 —.
590 4029 726 4037 --—-
741 4030 779 4035 ....

281 4117 368 4169 1Τῑιίε
380 4118 450 4167 word
467 4131 549 4167 seems
565 4123 592 4165 ro
612 4115 678 4166 bave
697 4116 762 4166 bean
786 4115 956 4182 accidentally
972 4116 1078 4167 omitted
1095 4116 1121 4166 in
1139 4118 1182 4167 the
1198 4118 1296 4181 printed

244 4215 318 4262 copy.

277 4410 288 4431 ¹
304 4399 367 4450 'I'hia
394 4400 466 4450 letter
492 4404 560 4448 must
587 4397 653 4448 hara
681 4399 745 4448 been
796 4397 1005 4460 archbiahopriclr
1033 4397 1063 4447 of
1088 4397 1183 4463 Lycus.
1239 4399 1296 4451 'l'be

244 4479 343 4529 written
372 4477 457 4528 before
482 4480 553 4534 1182,
575 4476 650 4526 when
673 4476 744 4526 John
796 4474 880 4525 writer
898 4477 1002 4526 bacam
1020 4475 1111 4540 blahop
1131 4476 1160 4526 ol
1177 4479 1297 4545 'l'ournay

244 4574 295 4607 uas
307 4557 437 4620 promored
453 4557 520 4606 from
537 4554 644 4606 Pciticra
661 4562 689 4605 to
700 4553 745 4603 tha
796 4555 909 4604 in1192.
